2400 3344
758 3096 851 3129 Th. K.
657 1945 861 1982 (Fortſetzung folgt.)
1677 3096 2142 3131 Hierzu zweites Blatt und drei Beilagen.
935 1831 1569 1866 „Welches Programm haben Sie den Israeliten gegenüber
893 1849 1021 1883 feſtgeſtellt?“
242 2035 392 2070 Kammerſpiele
382 2034 881 2071 des Deutſchen Theaters: Neueröffnung mit
201 2059 881 2096 Auguſt Strindbergs „Fräulein Julie“. Donners⸗
201 2083 403 2115 tag den 29. Auguſt.
942 349 1574 386 Mit der Entwickelung Helgolands ſeit ſeiner vor 17 Jahren
898 371 1574 409 erfolgten Einverleibung in das Deutſche Reich befaßte ſich dieſer Tage
898 398 1574 434 ein lehrreicher Artikel des „Hamb. Korr.“, aus dem wir nachſtehende
898 419 1087 452 Zeilen entnehmen:
932 1441 1569 1477 Ein Vertreter der „Alliance Israëlite“, der nach Coſa⸗
893 1462 1569 1500 blanca geſandt worden war, um die Juden mit Lebensmitteln zu
893 1489 1569 1525 verſorgen, hat mit dem Kommandanten Mangin eine Unter⸗
893 1512 1365 1544 redung gehabt und berichtet darüber wie folgt:
204 1852 884 1886 niger an den Komponiſten als an den Dichter, und während die
204 1875 884 1910 Paare an ihm vorüberflogen, klang ihm aus den Geigentönen Heines
204 1898 884 1934 Sang durch die Seele, und zauberte ihm ſein Lieblingspoem vor von
204 1922 611 1957 der Sehnſucht Wunderinſel: „Bimini“.
237 3002 878 3034 Ob Direktor Reinhardts Wahl dieſes quälenden naturaliſtiſchen
197 3020 878 3058 und — doch nicht mehr ganz jugendlichen Stückchens zur Eröffnung
197 3044 878 3081 des Winterhalbjahrs ſehr glücklich war, wage ich nicht zu behaupten.
197 3070 878 3106 Nun, er wird mehr und Größeres im Köcher tragen. Wir heißen uns
197 3092 281 3129 Hoffen!
901 193 1574 231 jektiv auf ihre ſozialpolitiſche Tragweite zu prüfen, hat man im
898 218 1574 252 Lager der, ſagen wir, um niemand zu verletzen, meinetwegen:
898 238 1574 272 Strengmarxiſten ihnen nur ſo weit Beachtung geſchenkt, als ſie die
898 259 1574 292 überlieferte Doktrin zu beſtätigen ſchienen, ſonſt aber
898 279 1435 313 ſie entweder ignoriert oder hinwegzudeuten verſucht.
933 1187 1569 1221 Der heimkehrende Transport der von „Buſſard“ und „See⸗
896 1208 1572 1242 adler“ abgelöſten Beſatzungen iſt mit der „Prinzeſſin“ am
896 1231 1572 1263 28. Auguſt in Neapel eingetroffen und hat am 29. Auguſt die Reiſe
896 1252 1572 1284 nach Marſeille fortgeſetzt. In Neapel hat der Leutnant zur See
894 1273 1569 1304 Schröder(Erich) die Führung des Transportes übernommen.
894 1293 1568 1328 „Luchs“ iſt am 30. Auguſt in Kiukiang am Yangtſe eingetroffen
893 1314 1389 1346 und geht am 31. Auguſt von dort nach Hankau.
927 2741 1566 2778 Die portugieſiſche Politik lebt gegenwärtig ein Stillleben, wie
890 2764 1566 2801 dies übrigens der Jahreszeit angemeſſen iſt. Von den Plänen der
890 2789 1566 2825 Regierung ſickert auch nicht das Geringſte durch. Anfänglich gab ſie
890 2813 1566 2848 einem Gerücht Nahrung, nach dem die Wahlen zum Parla⸗
890 2836 1569 2872 ment im November ſtattfinden ſollten, dann aber erklärte ſie
890 2860 1568 2897 offiziös, daß ſie gar nicht daran denke, die Wähler zuſammenzu⸗
890 2885 957 2915 rufen.
245 1115 886 1152 Angeſichts des eben beendeten internationalen Sozialiſtentages
204 1138 884 1176 in Stuttgart und des bevorſtehenden Parteitages der deutſchen So⸗
204 1164 884 1197 zialdemokratie in Eſſen iſt es von Intereſſe, an der Hand des Sep⸗
203 1188 884 1221 temberheftes der „Sozialiſtiſchen Monatshefte“ die Stimmung des
203 1209 884 1245 Reviſionismus zu belauſchen. Eduard Bernſtein ris⸗
203 1233 884 1269 kiert es, die herrſchende Orthodoxie durch eine Verbeugung vor der
202 1257 563 1288 bürgerlichen Wiſſenſchaft zu reizen:
238 2818 878 2853 Die Regie arbeitete wieder vorbildlich; ſie hatte die überflüſſige
195 2840 878 2877 (Pauſe zwiſchen den beiden Szenen geſtrichen, ſo daß die pſychologiſche
196 2864 878 2897 Studie des Schweden nicht durch Promenieren und Butterbrote zer⸗
198 2887 878 2921 riſſen wurde, ſondern ſich in anderthalb Stunden vor uns abrollte.
197 2911 878 2943 Famos war die herrſchaftliche Küche, in der an alles gedacht war, und
197 2932 878 2965 in die die ſchwüle Atmoſphäre der Johannisnacht berückend herein⸗
196 2954 878 2988 wirkte. Der Spottanz der Knechte und Mägde während der eigent⸗
196 2976 853 3009 lichen Liebesſzene von Diener und Herrin war voll derben Lebens.
209 190 889 230 Laude enttſchieden verringert, keineswegs den notwendigen Beweis
208 220 889 256 der größeren Regierungsfähigkeit erbracht, vielmehr das liberale
208 245 886 284 Regiment, den Liberalismus kompromittiert. Campbell⸗Bannerman
208 272 886 309 iſt kein Gladſtone. Dieſer war jung als Greis, jener iſt in verhält⸗
208 298 886 336 nismäßig jungen Jahren aufgebraucht. Den iriſchen, indiſchen und
208 325 886 362 inneren Schwierigkeiten gegenüber tut dem vereinigten Königreiche
208 350 787 383 ein zweiter Gladſtone not — Bannermann kann's nicht.
927 2906 1566 2939 Herr Joao Franco iſt eben der Situation Herr und, ſo
888 2927 1566 2961 lange er das Vertrauen der Krone genießt, ſeiner Sache ſicher. Es
890 2950 1566 2982 muß ihm aber daran liegen, die Wahlen ſo lange als nur möglich
888 2971 1566 3003 hinauszuſchieben, denn ihr Ausfall iſt immerhin zweifelhaft. In⸗
888 2993 1566 3024 zwiſchen ſucht, wie der „Frankf. Ztg.“ aus Liſſabon geſchrieben
888 3013 1566 3046 wird, Herr Franco ſich die Sympathien gewiſſer Klaſſen zu erwer⸗
888 3034 1566 3065 ben. Teils auf geſetzlichem Wege, teils in Diktatur wurden Ge⸗
888 3054 1566 3088 ſetze erlaſſen, die den Sold beſtimmter Militärkategorien erhöhen,
888 3074 1566 3108 die Abgaben auf die Gehälter der Staatsbeamten ermäßigen und
890 3096 1566 3132 teilweiſe ſogar beſeitigen und ganz zuletzt den Privatangeſtellten
934 1537 1569 1571 „Die Isracliten,“ erklärte er mir, „ſind durch die jüngſten Vor⸗
893 1554 1569 1591 kommniſſe heimgeſucht worden. Sie kennen die Verluſte, die ſie er⸗
893 1578 1569 1611 litten haben, zahlreiche ehrenhafte Familien ſind
893 1598 1569 1633 ins Elend gebracht worden, damit einige Spitzbuben ſich durch
893 1618 1569 1655 Plünderung bereichern konnten. Ich war am erſten Tage im jüdi⸗
893 1639 1569 1673 ſchen Viertel (Mellah) und habe es mir angeſehen. Es hat mich
893 1660 1569 1694 in hohem Maße intereſſiert. Ich habe keinerlei Vorurteil; denn ich
893 1680 1569 1715 kann mir recht gut erklären, wie Jahrhunderte der Unterdrückung
893 1701 1569 1736 die dortige Bevölkerung erniedrigt und ihr den Anſchein der Heuchelei
893 1723 1569 1757 gegeben haben. Ich fühle Mitleid und Teilnahme. In den erſten
893 1743 1569 1777 Tagen nach der Beſetzung mußte ich ſtreng ſein. Ich habe die Män⸗
893 1765 1569 1799 ner zu harten Arbeitsleiſtungen herangezogen, zur Totenbeſtattung,
893 1785 1569 1819 zur Straßenreinigung, das unumgänglich war, denn in der Stadt
893 1806 1535 1840 gab es keine Araber mehr, und die Soldaten waren im Feuer.“
934 1876 1569 1910 „Ich will den Mellah reorganiſieren wie die ganze
893 1893 1569 1930 übrige Stadt. Auch hierbei rechnen wir auf Sie. Sie kennen den
893 1916 1569 1951 Geiſt der Israeliten und haben Einfluß auf Sie. Es trifft ſich
893 1939 1569 1972 ganz gut, daß Sie das Oberhaupt der Gemeinde bleiben, da alle
890 1959 1569 1992 einflußreichen Perſonen die Stadt verlaſſen haben. Wir werden
890 1979 1569 2014 Ihnen die einzuführenden Reformen anzeigen und werden Sie ge⸗
890 2000 1569 2035 meinſchaftlich mit Ihnen durchführen. Ich werde die gegenwärtige
890 2021 1569 2056 Uebergangsperiode benutzen, um das Judenviertel als ſolches
890 2043 1084 2074 aufzuheben.
1077 2043 1569 2076 Ich werde die Tore fortnehmen und das Quar⸗
890 2064 1569 2096 tier geſundheitlich umgeſtalten. Ich wünſche außerdem, durch die
890 2083 1569 2118 Israeliten ſelbſt Reformen einzuführen. Ich bitte Sie deshalb, mir
890 2105 1566 2138 über folgende vier Punkte Bericht zu geben: 1. Schaffung einer
890 2125 1566 2159 israelitiſchen Gemeindeverwaltung; 2. Herſtellung von Beziehungen
890 2147 1566 2179 zwiſchen der Gemeindeverwaltung und der ſtädtiſchen Zentralver⸗
890 2167 1566 2203 waltung; 3. hygieniſche Vorſchriften für den Mellah; 4. Einrich⸗
890 2187 1107 2219 tung einer Polizei.“
932 2258 1566 2293 „Bei dem gegenwärtigen Stand der Dinge kann ich Ihnen un⸗
890 2276 1566 2314 möglich darüber Auskunft geben. Wenn die Stämme ſich unterwer⸗
890 2299 1566 2335 fen, wird der Ausfuhrhandel wieder beginnen, werden die Laden⸗
890 2321 1566 2356 inhaber und Kaufleute wieder Geſchäfte machen. Wenn aber der
890 2342 1566 2376 Kriegszuſtand andauert, ſo werden die Armen ſich als Arbeiter ver⸗
890 2363 1566 2396 dingen müſſen. Junge Leute werden als Dolmetſcher und als
890 2382 1566 2417 Angeſtellte in den zahlreichen Vorortshäuſern die⸗
890 2403 1566 2438 nen können. Unter allen Umſtänden rechnen wir ſehr auf die israeli⸗
890 2424 1566 2460 tiſche Bevölkerung. Ich wiederhole einen Gemeinplatz, wenn ich
890 2445 1566 2480 ſage, daß ſie ſehr nützliche Hilfskräfte zwiſchen den Arabern und
890 2467 1566 2502 uns abgeben können. Wir fühlen dies heute ſchon; ſie dienen uns
890 2487 1566 2523 als Dolmetſcher und für allerhand Auskünfte. Ich bin überzeugt,
890 2508 1566 2542 daß unter der Okkupation und mit Hilfe Ihrer Schulen die Ge⸗
890 2530 1566 2565 meinde ſich umgeſtalten wird. Unſere hygieniſchen Vorſchriften und
890 2550 1569 2585 unſere Polizei werden in dem Mellah Sauberkeit, Ordnung, gute
890 2572 1566 2605 Haltung, Arbeit ſchaffen und der Beſuch der Europäer wird die Be⸗
890 2592 1566 2627 wohner aufrütteln und allmählich ihre Gewohnheiten umgeſtalten.“
928 2618 1566 2651 Auch mit dem General Drude hatte der Berichterſtatter eine
890 2635 1566 2677 Unterredung; er erklärte, daß er die Sorge für die Reorganiſation
890 2662 1365 2697 der Stadt ganz dem Kommandanten überlaſſe.
244 1281 881 1316 So vieles gegen die beſtehenden Univerſitäten geſagt werden kann,
203 1303 884 1338 ſo läßt ſich doch nicht beſtreiten, daß unter dem Geſetz der Arbeits⸗
203 1327 884 1359 teilung, was poſitives Wiſſen und wiſſenſchaftliches Forſchen anlangt,
203 1348 884 1380 heute ſehr Ach'tbares auf ihnen geleiſtet wird. Um nur ein
203 1369 884 1400 Gebiet herauszugreifen, das der Sozialdemokratie beſonders am
203 1389 881 1421 Herzen liegt: was iſt an wertvollen volkswirtſchaftlichen reſpektiv.
203 1410 881 1442 ſozialökononiſchen Abhandlungen nicht in den letzten zwei Jahr⸗
202 1431 884 1463 zehnten aus den Seminaren der Brentano, Conrad, Fuchs, Lexis,
202 1452 884 1483 Schulze⸗Gaevernitz, Stiedo u. ſ.w. hervorgegangen, und was kann
202 1472 884 1505 außer Populariſierungen und etwas Marxſcholaſtik die Sozialdemo⸗
201 1494 884 1526 kratie ihnen gegenüberſtellen! So produktiv ſich die Arbeiterbewe⸗
202 1516 884 1549 gung ſelbſt in der Herausarbeitung neuer Organe und Einrichtungen
202 1537 884 1568 erwieſen hat, ſo unproduktiv hat ſich — ich ſpreche da keines⸗
202 1557 884 1590 wegs nur eine perſönliche oder nur bei Reviſioniſten zu findende
202 1579 884 1610 Anſicht aus — mit ſehr wenigen Ausnahmen die theoretiſche
202 1599 884 1632 Betätigung der Sozialdemokratie gezeigt. Und das
202 1620 883 1651 iſt kein Zufall. Die epochemachenden theoretiſchen Arbeiten Marxx
202 1640 884 1671 datieren faſt ausſchließlich aus den fünfziger oder ſechziger Jahren
203 1662 884 1693 des vorigen Jahrhunderts, wo die Arbeiterbewegung ſelbſt in Eng⸗
202 1682 884 1714 land noch überwiegend mit Niederlagen rechnete und um ihre Aner⸗
202 1703 884 1734 kennung rang. Seitdem haben ſich auf dieſem wie auf anderen Ge⸗
202 1723 884 1754 bieten des Wirtſchaftslebens die bedeutſamſten Verände⸗
202 1745 884 1776 rungen vollzogen, die Machtverhältniſſe haben ſich weſentlich ver⸗
202 1765 884 1798 ſchoben, und mit dieſer Verſchiebung ſind neue Fragen in den Vor⸗
203 1785 881 1819 dergrund getreten. Statt ihnen aufmerkſam nachzugehen und ſie —
202 1806 881 1835 ſelbſtverſtändlich unter dem Geſichtspunkt der Arbeiterklaſſe — ob⸗
250 422 889 457 Der König hat dem Major Muther im Kriegsminiſterium die
208 441 889 476 königliche Krone zum R. Adl.⸗Ord. 4. Kl., dem Regierungsrat Auguſt
208 465 886 496 von Gehren zu Schleswig, dem Direktor der Poſener Landſchaft⸗
208 485 886 517 lichen Bank Erwin Schwidtal zu Poſen, dem Pfarrer und Defi⸗
208 505 889 538 nitor Blameuſer zu Kanzem im Kreiſe Saarburg, dem Pfarrer
209 526 889 559 und Definitor Burgund zu Gelsdorf im Kreiſe Ahrweiler, dem
209 547 889 578 ehemaligen Pfarrer und Dechanten Johann Ritter zu Merxheim
208 567 889 600 im Kreiſe Meiſenheim, dem Pfarrer Karl Neinhaus zu Hoch⸗
208 587 886 619 Emmerich im Kreiſe Mörs und dem Rentner Friedrich von der
208 608 886 639 Kuhlen zu Kaldenkirchen im Kreiſe Kempen (Rhein) den R. Adl.⸗
208 628 889 661 Ord. 4. Kl, dem Oberſtleutnant a. D. Kalcher, bisherigem Zweiten
209 649 889 681 Stabsoffizier beim Kommando des Landwehrbezirks Aachen, den königl.
208 669 889 700 Kronen⸗Ord. 3. Kl., ſowie dem bisherigen Bahnunterhaltungsarbeiter
208 691 889 721 Johann Dorra zu Soldau im Kreiſe Neidenburg das Allgemeine
208 710 889 742 Ehrenzeichen, dem Privatdozenten in der mediziniſchen Fakultät der
208 730 889 763 Univerſität in Göttingen Dr. Alfred Schittenhelm, dem Oberarzt
208 752 889 783 an der mediziniſchen Klinik und Privatdozenten in der mediziniſchen
208 772 889 805 Fakultät der Univerſität zu Göttingen, Dr. Rudolf Stehelin, dem
209 793 889 826 Privatdozenten in der mediziniſchen Fakultät der Univerſität
208 813 889 845 zu Bonn Dr. Max zur Nedden, dem Privatdozenten in
208 834 889 866 der mediziniſchen Fakultät der Univerſität zu Bonn Dr. Rudolf
208 854 889 887 Eſchweiler, dem Privatdozenten in der philoſophiſchen Fa⸗
208 874 886 906 kultät der Univerſität zu Bonn Dr. Adolf Strubell, dem Pri⸗
207 895 886 927 vatdozenten in der philoſophiſchen Fakultät der Univerſität zu Bonn
208 915 886 948 Dr. Adolf Borgert und dem Privatdozenten in der philoſophiſchen
208 937 886 969 Fakultät der Friedrich Wilhelms⸗Univerſität zu Berlin Dr. Rudolf
208 957 886 990 Überſtadt iſt das Prädikat Profeſſor, dem akademiſchen Geſang⸗
207 978 886 1013 und Muſiklehrer an der Univerſität zu Münſter Dr. Wilhelm Nieſſen
207 998 719 1029 der Titel Univerſitätsmuſikdirektor verliehen worden.
1613 2407 2253 2442 Kiel, 31. Aug. Der ehemalige Panzer „König
1578 2427 2252 2462 Wilhelm“, Jahrzehnte lang das größte Schiff unſerer Marine,
1578 2451 2252 2483 und eine Zeit lang überhaupt das mächtigſte Panzerſchiff der Welt,
1578 2473 2252 2504 wird nach ſeinem auf der kaiſerlichen Werft zu Wilhelmshaven volll⸗
1578 2493 2253 2525 zogenen Umbau, der einen Koſtenaufwand von einer halben Million
1578 2514 2252 2545 Mark erfordert hat, am 1. Oktober in Wilhelmshaven als Schiffs⸗
1578 2536 2252 2567 jungen⸗Wohnſchiff in Dienſt geſtellt und nach Kiel über⸗
1578 2556 2252 2589 geführt werden. — Der faſt vierzigjährige Veteran unſerer Flotte,
1578 2576 2252 2609 der ſeit 1904 ein beſchauliches Daſein als Hafenſchiff in Wilhelms⸗
1578 2598 2252 2631 haven führte, iſt, ſo ſchreibt die „Morgenpoſt“, nach dem Umbau im⸗
1578 2620 2252 2652 ſtande, 850 Schiffsjungen und etwa 150 Maaten und Matroſen auf⸗
1578 2641 2253 2671 zunehmen. Die alten unmodernen Kanonen werden entfernt und
1578 2662 2253 2694 durch moderne Schnellfeuergeſchütze erſetzt werden. Das faſt 10 000
1578 2682 2253 2715 Tonnen große Panzerſchiff, das früher eine Beſatzung von 739
1578 2704 2253 2736 Mann hatte, iſt auf der Samudawerft an der Themſe urſprünglich
1576 2725 2253 2757 unter dem Namen „Fatikh“ für die türkiſche Regierung
1576 2746 2253 2777 im Bau begonnen worden. Da dieſe aber wegen Geldmangels das
1576 2766 2253 2799 Schiff doch nicht hätte abnehmen können, verkaufte die Bauwerft es
1578 2788 2253 2819 noch vor ſeiner Vollendung an den Norddeutſchen Lloyd, worauf es
1576 2808 2253 2839 am 25. April 1868 als „König Wilhelm“ vom Stapel lief. Vom
1576 2830 2252 2861 folgenden Jahre ab fand der Panzer namentlich als Admirals⸗
1576 2850 2253 2883 ſchiff in den heimiſchen Gewäſſern Verwendung, und es bildete mit
1576 2872 2253 2903 den jetzt bereits ſeit Jahren aus der Liſte der Kriegsfahrzeuge ge⸗
1576 2892 2253 2925 ſtrichenen Panzerfregatten „Friedrich Karl“ und „Kronprinz“ das
1576 2914 2253 2947 erſte Panzergeſchwader der preußiſchen Marine, bis es 1897 den
1576 2934 2253 2967 Panzerkreuzern zugeteilt wurde. „König Wilhelm“ war es auch, der
1576 2956 2253 2988 am 31. Mai 1878 auf der Höhe von Folkeſtone im engliſchen Kanal
1576 2977 2251 3007 infolge eines falſch verſtandenen Ruderkommandos das Panzerturm⸗
1578 2998 2252 3030 ſchiff „Großer Kurfürſt“ rammte, das binnen 15 Minuten
1578 3018 2252 3051 ſank und 269 Menſchen mit in die Tiefe zog; „König Wilhelm“ er⸗
1576 3040 2253 3073 litt dabei ſelbſt ſo ſchwere Beſchädigungen, daß es ihm nur mit Mühe
1576 3061 2027 3092 gelang, einen engliſchen Hafen zu erreichen.
939 443 1574 477 „Abgeſehen von der militäriſchen Bedeutung dieſer Felſeninſel iſt
898 460 1574 496 es für das deutſche Nationalbewußtſein von großem moraliſchen
898 483 1574 518 Wert, daß man ſich nicht im eigenen Hauſe beengt fühlt. So iſt
898 505 1574 538 denn auch die deutſche Regierung gleich daran gegangen, dieſen
898 525 1572 558 wertvollen Beſitz in jeder Beziehung zu erhalten und zu fördern.
898 545 1572 579 Während von den Engländern wenig oder gar nichts zur Er⸗
898 566 1572 600 haltung der Inſel getan wurde — es war für dieſelben lediglich
898 586 1572 620 eine Kolonie, die ſich nicht rentierte — wurden von der deutſchen Re⸗
898 608 1574 640 gierung alsbald Schutzmaßregeln zur Erhaltung der Inſel
898 628 1574 661 getroffen. Da die Inſel eine ſenkrecht aus dem Meer emporſteigende
898 647 1574 681 Felsmaſſe bildet, ſo ſtürzt, da das Geſtein leicht verwittert, häufig eine
898 669 1572 702 ſelbſt nach tauſenden von Kubikmetern zählende Felspartie ab, die
898 689 1572 722 dann vom Meere verzehrt wird. So mußte, wenn auch langſam,
898 710 1572 741 eine allmähliche Verkleinerung der Inſel eintreten, die im Laufe
898 730 1572 765 von Jahrhunderten den völligen Verluſt des Eilandes herbei⸗
898 751 1572 784 führen konnte. Es ſchien nun ein gewagtes Unternehmen,
898 771 1572 804 wenn menſchliche Kraft ſich mit dem Ozean in einen Kampf ein⸗
898 791 1572 824 laſſen wollte, um dieſem ſeine ſichere Beute zu entreißen. Die am
898 813 1572 846 meiſten bedrohten Stellen an der Weſtſeite der Inſel, wo dieſelbe am
898 834 1572 866 zerklüftetſten iſt, verſuchte die deutſche Regierung durch Aufführung
898 854 1572 887 von ſogenannten Schutzmauern aus ſchwediſchem Granit zu ſichern.
898 873 1572 906 Der Zweck, den dieſe Mauern zu erfüllen haben, liegt nun darin,
898 895 1572 927 daß ſie das Meer davon abhalten ſollen, an die herabgeſtürzten Stein⸗
898 915 1572 949 maſſen zu kommen, ſie aufzulöſen und wegzuſpülen. Die abgeſtürzten
898 936 1572 968 Maſſen ſollen vielmehr hinter der Mauer liegen bleiben, ſo daß ſich
898 956 1572 990 allmählich ein Böſchungswinkel bildet, der ein Abſtürzen der Felsmaſſen
898 978 1572 1010 unmöglich macht. Daß dieſes Ziel wirklich erreicht werden kann, hat
898 997 1572 1031 die Erfahrung bewieſen. Denn vor etwa 1 ½ Jahren ſtürzten aus
896 1018 1572 1050 einer Höhe von 50 Meter etwa 2000 Kubikmeter Geſtein gegen die eine
896 1039 1572 1071 Hauptmauer. Die Mauer hielt dieſen Anprall, ohne beſchädigt zu
896 1060 1572 1092 werden, aus, und die abgeſtürzten Maſſen liegen, ohne daß das Meer
896 1080 1572 1112 zu ihnen gelangen kann, hinter der Mauer. Dadurch wird, wie ſchon
896 1101 1571 1136 geſagt, die ſenkrechte Wand des Felſens in eine mehr ſchräge ver⸗
896 1122 1510 1155 wandelt, ſo daß dem Abſturz neuer Felsmaſſen vorgebeugt iſt.
239 2106 881 2140 Hans Waßmann, der vor etlichen Jahren im Kleinen Theater
200 2127 881 2164 Reinhardts den Kammerdiener Jean ſpielte, der von der Grafentoch⸗
200 2153 881 2186 ter verführt wird, hat dieſe Rolle der allzuſchwachen Männlichkeit an
200 2175 881 2209 Albert Steinrück abgegeben. Jener, ein pariſeriſch leichter
200 2198 881 2232 Burſche, der mit einer ganz ſelbſtverſtändlichen Verruchtheit, mit
200 2221 881 2255 zufriedener Gemeinheit die ſeltene Frucht pflückt, die ihm unterwegs
200 2244 881 2278 begegnet, und der in die Grauſamkeit ſeiner brutalen Geſchäfts⸗
200 2267 881 2302 berechnung etwas wie verſöhnende Komik miſchte. Steinrück griff die
200 2289 881 2324 Aufgabe mit deutſcher Gründlichkeit an, die das Schwerfällige nicht
200 2313 881 2347 abzuſtreifen vermochte. Sein „deflorierter“ Kammerdiener iſt ein
200 2336 881 2370 täppiſcher Bär, berauſcht und elementar, ſervil und wild, brüllend
200 2360 881 2394 und brummend in lieblichem Wechſel; eine Leiſtung mit ſorgſamer
200 2383 881 2418 Beobachtung vieler einzelner Züge und auch in gewiſſer Art zur Ein⸗
198 2406 881 2441 heit eines Menſchenbildes zuſammengefaßt — und doch, wie mir
201 2429 881 2464 ſcheint, an Strindberg vorbeigreifend, kein „Jean“, ſondern ein
200 2451 881 2485 Friedrich. Gertrud Eyſoldt war von neuem die ariſtokratiſche
200 2475 881 2508 Verführerin. Sie legt jetzt den künſtleriſchen Nachdruck auf der Tra⸗
198 2498 881 2532 gödie zweiten Teil; ſie ſprüht nicht ſo ſehr teufliſche Flämmchen wie
200 2521 878 2555 einſt, wo alles an ihr verbogener hyſteriſcher Ueberreiz war und los⸗
198 2544 878 2578 gelaſſene ſexuelle Gier. Sie arbeitet mehr den Umſchwung in der
198 2567 878 2601 Stimmung nach dem verbotenen Genuß heraus, die Flucht aus dem
198 2590 878 2623 Vemusberg, die beſchämte und ekelvolle Entnüchterung der Gräfin,
198 2612 878 2647 die ſich weggeworfen ſieht an den Knecht des Hauſes, dem die Kava⸗
197 2636 878 2670 lierallüren viel ſchlechter ſitzen als ſeine Livree, und die vergeht in
200 2659 878 2693 ihrer Schande und Schuld. Frau Eyſoldt trug als Julie ein rotes
198 2682 878 2716 Jäckchen — als Symbol brauchbar; es hätte die Purpurflamme un⸗
197 2705 878 2739 gezügelter Erotik noch unmittelbarer gewirkt. So befriedigt mich die
198 2728 878 2761 Julie als Verführerin nicht recht, weil ihr das Zwingende und ſinnlich
197 2749 878 2783 Bannende fehlte. Aber ergreifend ſchön war dann das letzte Auf⸗
197 2772 878 2806 flackern ihres Lebensmutes und das Ende, als der Brand kraftlos in
196 2795 732 2827 ſich zerfiel, einen trübſeligen Aſchenreſt zurücklaſſend.
1586 197 2258 235 einen wöchentlichen vierundzwanzigſtündigen Ruhetag ſichern. Aber
1586 221 2259 256 das Volk murrt über die Unterdrückung ſeiner Rechte und die Preſſe
1586 241 2258 276 ſchimpft weidlich über den verfaſſungsloſen Zuſtand. Die monar⸗
1586 262 2259 297 chiſtiſchen Oppoſitionsparteien und die Republikaner proteſtieren ſo
1586 284 2258 318 gut ſie können, ohne das geringſte zu erzielen. So bleibt alles beim
1586 304 2258 339 alten. An eine gewaltſame Auflehnung des Volkes iſt nicht zu
1586 325 2258 358 denken. Der Portugieſe von heute iſt kein Revolutionär, und ſomit
1584 344 2258 380 iſt Portugal von einer Revolution und gar von der Republik recht
1584 365 2257 400 weit entfernt. Ein Führer der republikaniſchen Partei, Herr Ber⸗
1584 386 2258 421 nadino Machado, hat zwar einem Interviewer erklärt, Por⸗
1584 407 2258 442 tugal werde in zwei Jahren eine Republik ſein, aber dieſe Meinung
1584 428 2258 463 wird hier nicht einmal von allen Republikanern geteilt. Hin und
1584 448 2258 483 wieder liebt es die Regierung, ihre Stärke zu zeigen. So wurde
1584 469 2257 504 bekanntlich vor kurzer Zeit Anklage gegen 21 hervorragende Poli⸗
1584 489 2257 524 tiker und Journaliſten wegen Begünſtigung der jüngſten Straßen⸗
1584 509 2258 546 krawalle erhoben. Unter ihnen befindet ſich Herr Alpoim, ehemals
1584 530 2257 566 Juſtizminiſter im Kabinett der Progreſſiſten, jetzt Diſſident dieſer
1584 551 2257 588 Partei. So ſenſationell das Ereignis erſcheint, für die Beteiligten
1584 572 2257 607 wird es ſchwerlich nennenswerte Folgen haben. Noch einmal wurde
1584 592 2257 626 jüngſt die hundstägliche Stille unterbrochen, nämlich durch die
1584 614 2257 648 Entdeckung einer Bombenfabrik Die Polizei hatte leichtes
1584 634 2257 669 Spiel. Das Geſchoß war dem Anfertiger, einem Kupferſchmied, aus
1584 655 2257 690 der Hand geglitten und geborſten. Die Erſchütterung und der
1584 675 2257 710 furchtbare Knall hatten den Anfertiger und ſeine Mitſchuldigen ver⸗
1584 698 2255 730 raten, die mehr oder weniger leicht verwundet wurden. Vier Per⸗
1584 717 2255 752 ſonen wurden in flagranti ergriffen, der Kupferſchmied, ſeine Frau,
1584 737 2255 771 ein Lehrer und ein Matroſe. Dies iſt übrigens alles, was über die
1584 758 2255 792 Angelegenheit in die Oeffentlichkeit kam. Die Preſſe muß über die⸗
1582 778 2257 813 ſelbe ſchweigen, wenn ſie ſich nicht auf Grund des Anarchiſtengeſetzes
1581 800 2255 834 ſchwerer Beſtrafung ausſetzen will. So weiß man alſo nichts über
1581 820 2257 855 den bisherigen Verlauf der Unterſuchung, nichts darüber, in weſſen
1581 841 2255 876 Auftrage die Bombe angefertigt wurde und welchem Zwecke ſie die⸗
1581 862 2258 896 nen ſollte. Im Flüſtertone erzählt man ſich, daß eine Anzahl
1581 882 2257 917 Verhaftungen vorgenommen und die Feſtgenommenen in aller
1581 903 2255 937 Stille auf das Panzerſchiff „Vasco da Gama“ gebracht wurden.
1581 924 2257 959 Die Art der Inhaftierung erſcheint jedoch nicht recht glaublich, weil
1581 945 2257 978 es die Regierung wohl vorziehen würde, die Arreſtanten nach einer
1581 966 2257 999 Feſtung zu verbringen, denn auf das Landheer, die Munizipalgarde
1581 987 2255 1020 und die Polizei kann ſie ſich vollſtändig verlaſſen, während die Meun⸗
1581 1008 2257 1040 tereien auf einigen Kriegsſchiffen vor etwa zwei Jahren noch in aller
1581 1027 2257 1061 Erinnerung ſind. Damals waren allerdings politiſche Beweggründe
1581 1050 2255 1082 nicht im Spiel und die Regierung braucht auch heute der Marine
1581 1070 2257 1104 nicht zu mißtrauen, ſie wird es aber ſicherlich vermeiden, ſie durch
1581 1092 2255 1124 irgendwelche außergewöhnliche Maßnahmen in Verſuchung zu füh⸗
1581 1111 2257 1148 ten. Alles in allem: Herr Joao Franco hat für ſeine Stellung nichts
1581 1132 2181 1169 zu fürchten, ſo lange er die Unterſtützung der Krone genießt.
1617 1214 2255 1247 Es war ein für die ungariſchen Verhältniſſe recht charakteriſtiſcher
1581 1233 2255 1268 Wahlkampf, der jetzt in dem Städtchen Belényes, ſüdlich von
1581 1256 2255 1290 Großwardein, ausgefochten wurde. Es ſtanden ſich dort gegenüber
1581 1278 2255 1309 als Kandidat der Unabhängigkeitspartei, alſo der Regierung, der
1581 1297 2254 1331 Advokat Arpád Kärdos, während die Nationalitätenpartei den
1581 1318 2255 1352 Rumänen Lukaciu als Gegenkandidaten aufgeſtellt hatte. Die
1581 1339 2254 1374 Regierung hat natürlich nichts unverſucht gelaſſen, um ihrem Kan⸗
1581 1360 2254 1397 didaten „mit dem gehörigen Nachdruck“ zum Siege zu verhelfen,
1581 1382 2254 1415 und die rumäniſchen Wähler möglichſt einzuſchüchtern. Zu dieſem
1581 1402 2254 1436 Zweck hatte ſie zwei ganze Regimenter Infanterie und nicht weniger
1581 1424 2255 1457 als 500 Gendarmen nach Belényes geſchickt, die den ganzen Ort und
1581 1444 2254 1478 alle dorthin führenden Straßen beſetzt hielten und eifrigſt dafür
1581 1465 2254 1499 ſorgten, den rumäniſchen Wählern aus der Umgebung den Eintritt
1581 1486 2254 1520 in den Ort möglichſt zu erſchweren. Es iſt unter dieſen Umſtänden
1581 1507 2253 1541 kein Wunder, daß die Rumänen über dieſe militäriſchen Ab⸗
1581 1528 2254 1562 ſperrungsmaßregeln auf das höchſte erbittert waren, und ſich daher
1581 1550 2253 1583 bei jeder Gelegenheit, wo ſie mit den ungariſchen Wählern zuſam⸗
1581 1572 2254 1604 menſtießen, blutige Raufhändel ereigneten. Im Laufe des
1581 1591 2254 1625 Wahlaktes, der von Montag früh 8 Uhr bis Dienstag 4 Uhr Mor⸗
1578 1614 2253 1645 gens dauerte, kamen daher zu verſchiedenen Malen ſchwere Zuſam⸗
1578 1633 2254 1668 menſtöße zwiſchen den gegneriſchen Wählern vor, und die heißblüti⸗
1578 1654 2254 1687 gen Rumänen griffen auch mehrmals die Gendarmerie an, welche
1578 1675 2254 1709 ſchließlich von ihrer Feuerwaffe Gebrauch machen mußte und viele
1578 1695 2254 1729 bäuerliche Wähler ſchwer verwundete. Sowohl von den ungariſchen,
1578 1718 2254 1751 wie von den rumäniſchen Wählern wurden in Belényes und in der
1578 1737 2253 1770 Umgebung mehrere Häuſer und große Heuſchober und Getreide⸗
1578 1759 2254 1792 triſten in Brand geſteckt, ſo daß in der Nacht das Wahllokal
1578 1779 2253 1813 und ſeine Umgegend durch dieſe Brände mehrere Stunden lang be⸗
1578 1801 2254 1834 leuchtet waren. Trotz allem Militär⸗ und Gendarmerieaufgebot und
1578 1823 2254 1854 aller gegen die rumäniſchen Wähler zur Anwendung gebrachten Schi⸗
1578 1843 2254 1877 kanen konnte es gleichwohl die Regierung nicht verhindern, daß ihr
1578 1863 2253 1896 Kandidat Kärdos eine geradezu ſcchmähliche Niederlage er⸗
1578 1884 2253 1918 litt, und von den insgeſamt 2632 abgegebenen Stimmen für ſich nur
1578 1907 2254 1939 914 erobern konnte, während Lukaciu 1718 erhielt, ſo daß dieſer alſo
1578 1927 2253 1960 mit der rieſigen Majorität von 804 Stimmen gewählt wurde. Der
1578 1947 2253 1981 Wablakt wurde um 4 Uhr Morgens geſchloſſen, da ſchon von 2 Uhr
1578 1969 2252 2003 ab die Unabhängigkeitspartei keine Wähler mehr zu ſtellen vermochte.
1578 1991 2253 2023 während Lukacius Wähler noch immer herbeikamen. Als der Sieg
1578 2011 2252 2044 des rumäniſchen Kandidaten verkündet wurde, brach ein unbeſchreib⸗
1578 2033 2254 2065 licher Sturm der Begeiſterung bei ſeinen Landsleuten los, und die
1578 2053 2253 2087 Rumänen, die in dieſer Gegend weitaus die Mehrzahl bilden,
1578 2075 2253 2107 ſchrien fortwährend: „Setreasca!“ tanzten vor Freude auf der
1578 2095 2253 2128 Straße herum und umarmten ſich und küßten einander. Auch hier in
1578 2117 2252 2149 den Kreiſen der nationaliſtiſchen Abgeordneten hat der Sieg Luka⸗
1578 2138 2252 2170 cius große Freude erregt, beſonders, da er unter ſo überaus ſchwie⸗
1578 2160 2252 2191 rigen Umſtänden errungen worden iſt. Für die ungariſche Regie⸗
1578 2180 2253 2212 rung aber dürfte ihre Niederlage in Belényes wieder eine ernſte
1578 2201 2252 2233 Mahnung ſein, nicht gar zu ſcharf gegen die nichtmagpariſchen Bür⸗
1578 2222 2252 2255 ger des Landes vorzugehen, denn ſie erſieht wohl aus dieſem Wahl⸗
1578 2244 2253 2276 ſieg der Rumänen, daß auch die Anwendung von terroriſtiſchen
1578 2265 2252 2299 Mitteln gegenüber den Nationalitäten doch nicht immer zum ge⸗
1578 2286 1808 2318 wünſchten Ziele führt.
1178 325 1294 356 Helgsland.
1144 1163 1321 1194 Von der Marine.
1148 1366 1312 1413 Ausland.
408 395 689 428 Amtliche Nachrichten.
400 1089 694 1122 Reviſioniſten und Marxiſten.
1082 2709 1382 2750 Die Lage in Portugal.
1810 2348 2025 2405 Vermiſchtes.
402 1046 691 1095 Deutſches Reich.
389 1988 700 2040 Berliner Theater.
996 1409 1467 1448 Die Lage der Jnden in Caſablanca.
1677 1179 2164 1218 Der rumäniſche Wahlſieg in Ungarn.
929 2212 1566 2250 Auf meine Frage nach der künftigen Lage der Js⸗
890 2233 1301 2264 raeliten erwiderte der Kommandant:
