2400 3344
924 3162 1566 3201 Paul verſprach einen ganzen Felsblock und Lotte ſagte: „Wenn
1570 2308 2254 2348 Ihr am muſikaliſchen Abend Schuberts Meerlied ſingt, dann denkt
1568 2337 1676 2368 an uns!“
231 2533 725 2572 „So viel ihr kleines Seelchen zu lieben vermag.“
230 2552 865 2593 „Sie haben, wie mir ſcheint, wenig Sympathic für Ihre Schwä⸗
186 2586 274 2622 gerin?“
1613 3136 2265 3172 Ohne Bedauern ſah er den Tanzenden zu; ſeine Gedanken waren
1576 3161 2265 3197 weitab. Lotte hatte Schuberts Meerlied betont, er dachte aber weg
233 2599 815 2641 „Ich konſtatiere nur die von mir gewonnenen Eindrücke.“
233 2626 868 2664 „Aber Sie ſind peſſimiſtiſch veranlagt,“ ſagte Elſe lauter und
189 2654 476 2689 ſah ihren Nachbar ernſt an.
920 2591 1561 2627 „Gewiß,“ gab Willi lachend zurück; „Fräulein Elſe meinte, Du
880 2615 1561 2653 liebteſt wohl aus ganzer Seele; na, und es iſt doch ſo, Lottchen, nicht
880 2641 964 2673 wahr?“
232 2460 868 2500 „Stille Naturen ſind oft ſehr tief; daß dies ein Gemeinplatz iſt,
188 2484 868 2526 ſchließt das Zutreffende nicht aus. Sie liebt Ihren Herrn Bruder
188 2514 451 2547 ſicher aus ganzer Seele.“
236 2978 870 3017 „Ja, ja!“ ſagte Willi gedehnt, indem er ſein Kelchglas hob und
192 3000 870 3039 mit einem ſchwachen Lächeln ſummte: „Sie wo 70 m ungleich,
192 3028 428 3060 drum mieden ſie ſich!“
1611 2541 2259 2581 Vater Dewitz drängte das Paar ins harrende Automobil. „Töff,
1573 2564 2260 2604 töff, töff“, dann ein Raſſeln, wehende Tücher und unter dem lauten
1573 2594 1930 2627 Tuſch der Muſik ſauſten ſie davon.
1614 2610 2260 2651 „Sie hatten recht, liebe Thereſe,“ ſagte, ihr artig die Hand
1573 2635 2261 2675 küſſend, Herr Dewitz⸗Vater. „Ganz ſtrahlend vor Glück iſt das Paar,
1573 2663 1922 2697 Lottchen fand kaum eine Träne!“
917 2442 1558 2477 Die Mutter nickte: „Wir ſind beim vorletzten Gang, mein
880 2465 1558 2502 Sohn!“ und die Diener legten auf ein Zeichen die Champagner⸗
880 2490 1229 2523 flaſchen in die ſilbernen Eiskübel.
918 2517 1561 2551 Lotte hatte nach der Stelle geſehen, wo Elſe und ihr Schwager
880 2540 1558 2577 ſaßen; eine leiſe Röte huſchte über ihr Geſicht, und ſie rief ganz un⸗
880 2563 1521 2598 vermittelt hinüber: „Ihr habt von mir geſprochen, nicht wahr?“
1610 2351 2257 2394 Ein Galopp rauſchte durch den Saal, die Paare flogen, die Gei⸗
1570 2376 2258 2417 gen jubelten. In der Vorhalle umarmte die Mutter immer wieder
1570 2399 2259 2442 ſchluchzend die einzige Tochter, und mit zitternder Stimme bat ſie
1570 2427 2003 2462 Paul: „Mache ſie glücklich, mein Sohn!“
1608 2445 2259 2488 Da fiel ihm ganz unvermittelt die Kerze ein, die Glück bringen
1570 2471 2259 2509 ſollte, und die er am Vormittag auf den Sims gelegt hatte. Er nahm
1570 2493 2259 2533 ſie herab und gab ſie der Mutter: „Hebe ſie uns auf, Mama, ſie
1571 2520 2131 2558 fiel in der Kirche herab und ſoll uns Glück bedeuten.“
233 2861 870 2898 „Ach! Was machen Sie ſich für nutzloſe Gedanken und zwingen
190 2884 870 2922 mich. Ihnen mit lauter abgedroſchenen Redensarten das Törichte
192 2908 870 2946 Ihrer ſchwarzen Gedanken zu beleuchten! Immer ſind es doch die
190 2930 870 2969 Extreme, die ſich berühren, und die ungleichen Naturen paſſen am
190 2959 391 2993 beſten zuſammen.“
920 2661 1561 2698 Die junge Frau ſah von den beiden weg: „Was kümmert Dich
880 2686 1561 2721 meine Liebe?“ ſagte ſie wie ein beleidigtes Kind. Dann ſtand ſie
880 2708 1561 2746 haſtig auf und flüſterte ihrem Gatten zu: „Ich will mein Reiſe⸗
880 2732 1561 2770 koſtüm anlegen, wir tanzen uns dann luſtig aus dem Hauſe fort, das
880 2758 1246 2793 kürzt den peinlichen Abſchied ab.“
1614 2680 2262 2723 „Ich ſagte es Ihnen ja, lieber Dewitz; laſſen Sie nur mich
1573 2706 2261 2746 machen. Heiße Leidenſchaften führen ſelten zu dauerndem Eheglück,
1573 2730 2263 2770 aber ſolche ruhigen Freundſchaften wachſen ſich leicht zu beſtändiger
1573 2753 2263 2791 Liebe aus, wenn nur ſonſt alle Bedingungen zu einem ſorgloſen
1573 2779 2074 2814 Leben in Behagen und Reichtum gegeben ſind.“
918 2314 1558 2351 „Zwei, drei, Liebling, ſo viele Du willſt, — das heißt, die Zeit
877 2339 1558 2374 dürfen wir nicht verſäumen! Ich will Mama einen Wink geben, da⸗
877 2361 1558 2399 mit die Pauſen zwiſchen den endloſen Gerichten gekürzt werden.“
916 2388 1558 2425 Und er rief Frau Mangold über den Tiſch zu: „Mama, unſere
877 2413 1494 2448 kleine Lotte möchte noch eine Walzertour, ehe wir abreiſen!“
908 1833 1550 1871 Darauf gingen ſämtliche Anweſende. Campbell⸗Bannerman
869 1859 1550 1896 voran. zu dem Speaker, der jedem einzelnen die Hand ſchüttelte. Und
869 1884 1550 1921 noch dieſem Abſchiednehmen erſt, etwa gegen 1 Uhr, hatten der Spea⸗
872 1909 1550 1948 ter und die Abgeordneten, als ums Vaterland wohlverdiente Männer
872 1937 1312 1971 das Recht erworben, den Urlaub anzutreten.
232 3048 873 3087 Paul Dewitz hatte nach der alten Stutzuhr geſehen, die auf dem
192 3072 873 3111 grünen Marmorkamin ſtand; ſchmeichelnd ſagte er zu ſeiner jungen
194 3094 870 3134 Frau: „In zwei Stunden entführt uns ſchon der D⸗Zug, Lottchen!“
233 3118 870 3157 Sie ſah zu ihm auf: „Aber vorher tanzen wir noch einen Wal⸗
194 3143 873 3180 zer zuſammen, nicht wahr? Du weißt, daß der Tanz meine Leiden⸗
192 3170 310 3206 ſchaft iſt!“
256 595 702 633 Dieſe Zeitung erſcheint täglich in einer Abend⸗
256 619 703 652 und einer Morgenausgabe mit Ausnahme
257 639 701 672 der Tage nach den Sonn⸗ und Feiertagen.
257 658 704 692 Der Preis beträgt für ein Vierteljahr 3 Mark
258 680 704 714 (mit Botenlohn 3 Mark 50 Pfg.). Auswärtige
257 700 703 733 abonnieren bei den kaiſerlichen Poſtämtern.
258 721 703 754 Preis vierteljährlich 3 Mark 75 Pfg., monat⸗
292 741 673 772 lich 1 Mark 25 Pfg. (ohne Beſtellgeld).
257 758 704 796 es Redaktion Nr. 1011, Expedition und
286 781 680 818 Verlag Nr. 36, Buchdruckerei Nr. 3307.
1680 558 2129 596 Anzeigen werden in der Expedition dieſer
1680 581 2129 618 Zeitung, Münchenhofſtraße Nr. 2, ſowie in
1680 603 2129 637 allen Annoncenbureaux entgegengenommen
1680 621 2131 656 und koſten für die einſpaltige Petitzeile
1680 641 2131 676 oder deren Raum 20 Pfg., für Inſerenten
1680 662 2128 696 außerhalb der Provinz Oſtpreußen 30 Pfg.
1680 681 2129 716 (Arbeitsmarkt u. Wohnungsanzeiger 15 Pfg.)
1682 703 2132 738 Reklamen 50 Pfg., für Inſerenten außerhalb
1744 724 2067 756 der Provinz Oſtpreußen 75 Pfg.
1738 747 2086 778 Das Belag⸗Exemplar koſtet 10 Pfg.
1682 761 2132 801 e= Redaktion Nr. 1011, Expedition und
1708 784 2105 820 Verlag Nr. 36, Buchdruckerei Nr. 3307.
861 889 1540 930 „Black Rod“, in ſeiner Admiralsuniform — er iſt Admiral a. D. und
858 913 1540 955 genießt außer ſeiner Penſion für Seemannsdienſt das hohe Gehalt
861 939 1540 981 des jetzigen Sinecure⸗Amtes. Wie vorgeſchrieben, klopfte er mit
861 966 1540 1005 dem ſchwarzen Marſchallſtab dreimal an das Tor des Unterhauſes,
861 991 1540 1031 worauf der begehrte Einlaß gewährt wurde. Nach dem Austauſch von
861 1017 1542 1057 Höflichkeiten mit dem Speaker entbot er die M. P.s zur Vernehmung
861 1044 1316 1079 einer allerhöchſten Botſchaft in das Oberhaus.
230 2671 868 2712 Dieſer zögerte eine Weile; dann beugte er ſich dicht zu Elſe
189 2695 868 2735 nieder und flüſterte: „Iſt es Peſſimismus, wenn ich beſorgt bin?
190 2718 870 2759 Welcher Kontraſt im ganzen Weſen dieſer beiden Menſchen! Paul ſo
189 2742 870 2783 offen und gerade, gütig und vertrauensſelig wie ein Kind, und durch
189 2765 870 2807 ſeine ganze Anlage, Erziehung und Beſchäftigung in Liebesfragen
190 2789 868 2830 unerfahren wie ein Quartaner. Lotte dagegen verſchloſſen, herb,
190 2813 870 2854 immer als verwöhntes Kind, zu empfangen, nie aber zu geben
189 2843 278 2875 bereit!“
922 2976 1378 3011 Der Puppenſeewalzer klang lockend, weich..
1370 2973 1566 3007 Paul wiegte ſeine
882 2998 1564 3036 junge Frau im Arm; die Freude und Bewegung röteten ihre Wan⸗
882 3020 1564 3057 gen. Willi, der in einem Blumenwinkel ſaß, dachte, wie viel hüb⸗
882 3044 1566 3081 ſcher doch Lotte in dem tiefblauen Reiſekleide ausſah als in der
882 3067 1566 3106 ſchweren weißen Seide und den Tüllwogen. Als das junge Paar ſich
882 3091 1566 3127 dann flüchtig verabſchiedete, ſagte Willi: „Grüßt mir das Meer!“
882 3115 1566 3151 und Elſe rief: „Und mir bringt ein Steinchen von den Fjorden mit,
885 3142 1211 3174 ſie ſollen Zauberkraft beſitzen!“
920 2781 1561 2817 Aber der Pfarrer hatte ans Glas geklopft und begann ſeine wohl⸗
880 2804 1564 2843 geſetzte Tiſchrede, und ſie blieb hinter ihrem Stuhle ſtehen, während
880 2828 1564 2865 auch die übrigen Gäſte aufſtanden. Ueber die prächtigen Tafelauf⸗
880 2851 1564 2887 ſätze hin, die Silberſchalen mit den ſtarkduftenden Blumen und all
880 2874 1564 2910 das blitzende Geſchirr ſah Lotte Dewitz nach Elſe und Willi hinüber.
882 2898 1564 2935 Sie hatte die ſchmalen Lippen gepreßt, und Elſe, die den Blick der
882 2922 1564 2958 Freundin auffing, dachte: „Es iſt eigentümlich, Schwager und
882 2946 1432 2982 Schwägerin haben keine Sympathien für einander.“
220 2039 862 2077 Immerhin waren heute Mittag noch über 200 Getreue zur
182 2064 862 2104 Stelle, die ausgehalten hatten bis zuletzt.Es herrſchte weniger eine
182 2091 862 2129 feierliche, als eine gewiſſe „gemütliche“ Stimmung, ein Wort, das
182 2117 862 2155 ſich freilich im Engliſchen nicht wiedergeben läßt, ſagen wir alſo
182 2142 862 2180 lieber animierte Stimmung. Luſtig und heiter war es in den Wan⸗
182 2167 862 2208 delgängen. Wie immer kam die Prozeſſion des Speaker, die Türen
182 2192 862 2232 wurden geſchloſſen, das Gebet verrichtet, ſodann wie gewöhnlich auch
183 2219 862 2257 noch einige Fragen kurz erledigt. Da ertönte von mehreren Seiten
183 2244 862 2282 der Ruf: „Hats off“, Hünc ab, und durch die Glastüren konnte man
184 2269 865 2304 es ſehen, in feierlichem Schritt nahte der Bote des Oberhauſes,
904 1553 1550 1591 Nach etwa 20 Minuten kehrten der Speaker, die Miniſter und
866 1578 1548 1617 Abgeordneten ins Unterhaus zurück. Der Speaker nahm nun ſeinen
866 1604 1548 1643 Sitz nicht auf dem großen erhöhren Seſſel — denn das Parlament
866 1629 1548 1668 war ja bereits vertagt! —, ſetzte ſich vielmehr auf den Platz, den ſonſt
866 1654 1550 1693 der Chief Clerc, der Bureaudirektor des Hauſes, einnimmt. Und als
869 1679 1550 1718 ob die M. P.s nicht ihn hinüber begleitet und mit ihm alles angehört
869 1705 1550 1744 hätten, verkündete er als etwas ganz Neues, daß 62 Bills die Zu⸗
869 1730 1550 1769 ſtimmung des Königs erhalten, daß das Parlament vertagt ſei, und
869 1755 1550 1794 verlas die ganze Thronrede noch einmal. Nun erſt, nachdem dieſe
869 1782 1550 1819 Vorgänge im Unterhaus protokolliert ſind, haben ſie für dieſes amt⸗
869 1808 1240 1843 liche Geltung. So will es der Zopf!
1613 2805 2264 2844 Willi tanztee nicht. Seine Geſundheit vertrug es nicht. Er
1576 2827 2264 2866 hatte von der jungverſtorbenen Ma, der zweiten Frau ſeines
1576 2852 2264 2890 Vaters, das Bruſtleiden geerbt, das ihn zu äußerſter Schonung
1576 2876 2264 2915 zwang. Ganz im Gegenſatz zu Paul war er hager und bleich, doch
1576 2899 2264 2938 hatte er ſehr intereſſante Züge und einen regen Geiſt. Von Wiſſens⸗
1576 2922 2263 2962 eifer beſeelt, war ſein Leben mit fortgeſetzten Studien ausgefüllt,
1576 2947 2265 2985 und da er keinerlei Neigung zum kaufmänniſchen Berufe hatte, war
1576 2972 2264 3007 ihm der Vater ſtets entgegengekommen, wenn er ſeinem Hang zu
1576 2994 2264 3031 weiten Reiſen Ausdruck gab. Er hatte einige Jahre philoſophiſche
1576 3018 2264 3055 und literaturgeſchichtliche Vorleſungen an der Univerſität verfolgt,
1576 3043 2264 3078 übte aber keinen eigentlichen Beruf aus, eben ſeines Leidens wegen.
1576 3065 2263 3101 Nicht nur dem Vater, ſondern auch ihm ſelber war es kein Geheimnis,
1576 3089 2265 3126 daß er nicht alt werden würde, und daß nur Pflege, Schonung und
1576 3114 2068 3148 äußerſte Vorſicht ſeine Tage verlängern konnten.
909 1961 1553 1998 Doch die wirklichen Politiker, diejenigen, die im Parlament wie
872 1986 1553 2026 außerhalb der Kammern von Bedeutung ſind, die maßgebenden Män⸗
872 2011 1553 2050 ner, denen die große Mehrzahl der M. P.s und der Lords blindlings
872 2039 1556 2076 folgt, erfreuen ſich nur einer kurzen Ruhe. Sie arbeiten und reden
872 2064 1556 2101 in der parlamentariſchen wie in der außerparlamentaiſchen Zeit.
872 2089 1556 2125 Reden und „Parlamenteln“ iſt ihnen der liebſte Sport, und das
874 2114 1556 2152 Reden wird in der Pauſe fortgeſetzt. Bereits in den letzten Tagen
874 2139 1556 2178 haben ſich vier Miniſter in großen Volksverſammlungen zur Ver⸗
874 2166 1556 2203 teidigung des Parlaments und der Führer desſelben, der Regierung,
874 2191 1556 2228 veranlaßt gefunden, und vom Anfang Oktober ab wird ſich eine Flut
874 2216 1556 2254 von Reden über Großbritannien und Irland ergießen. Schon jetzt
874 2241 1556 2279 haben ſich Campbell⸗Bannerman und Baljour, Birrell und John
874 2267 1556 2299 Burns, Chamberlains wenig bedeutſamer Sohn, die Leuchten der
1601 1943 2251 1988 Und doch iſt trotz alledem recht wenig geleiſtet. Schwer bepackt
1562 1971 2249 2017 mit ungenügend ausgearbeiteten Vorlagen wird die Tagung be⸗
1562 1997 2249 2041 gonnen, und nach ungeheurer Zeitvergendung müſſen die bedeutend⸗
1563 2023 2249 2069 ften Vorlagen — das Geſetz für Irland, das Schankgeſetz, das Agrar⸗
1565 2049 2251 2094 geſetz für Schottland u. v. a. fallen gelaſſen oder zurückgezogen wer⸗
1563 2075 2252 2119 den. Mit Poſaunen⸗ und Trompetenſtößen wird die Reform des
1564 2101 2253 2146 Oberhauſes angekündigt, und ſchließlich begnügt ſich die Regierung
1565 2127 2252 2171 mit einer lendenlahmen Reſolution. Gegen die Stimmen der mili⸗
1565 2153 2253 2198 täriſchen Sachverſtändigen iſt die Heeresreorganiſation durchgedrückt
1565 2180 2253 2224 worden. Im übrigen aber hat die Regierung die iriſchen Nationa⸗
1565 2204 2254 2250 liſten mehr erbittert als ſie vorher waren, die Arbeiterpartei ſich
1565 2232 2254 2275 entfremdet, die liberalen Nonconformiſten geärgert, die Radikalen
1565 2257 2254 2296 in der eigenen Partei nicht befriedigt, die Zahl der Anhänger im
1549 878 2234 921 iriſchen Nationaliſten wie der Arbeiterpartei, die Führer der Tarif⸗
1549 906 2237 947 reformer, die konſervativen und die liberalen Unioniſten für ihre
1552 931 2237 974 Wahlkreiſe nicht nur, ſondern auch für die verſchiedenſten Vereine
1552 956 2237 999 und Geſellſchaften zu Reden verpflichtet und bemittelte Klubs wieder⸗
1552 980 2240 1021 um ſich das Auftreten der politiſchen Primadonnen, allerdings meiſt
1560 1024 1591 1046 2
1582 1008 2240 1050 nicht durchgängig — männlichen Geſchlechts geſichert. Und die
1552 1033 2239 1074 Redner berauſchen ſich und ihre Hörer durch große Worte und mög⸗
1552 1059 2240 1100 lichſt höhniſche und biſſige Verunglimpfung der Gegner. Aber die
1552 1083 2240 1127 Regierung und ihre einzelnen Mitglieder erfreuen ſich immerhin des
1552 1108 2240 1152 Behagens, nicht im Parlament gekitzelt und gehänſelt zu werden,
1552 1135 2241 1177 ihnen iſt wenigſtens die Möglichkeit gegeben, ſich etwas mehr als in
1552 1160 2241 1202 der parlamentariſchen Zeit um die Vorbereitung neuer Vorlagen zu
1552 1186 2242 1227 bekümmern, Anweiſung zur Durchfürhrung eben erlaſſener Geſetze zu
1554 1212 2243 1254 bearbeiten, ihre Reſſorts überhaupt wenigſtens einigermaßen kennen
1554 1244 1665 1280 zu lernen.
900 1067 1542 1106 Der Speaker voran, unmittelbar hinter ihm der Miniſterpräſi⸗
861 1092 1542 1133 dent und mehrere andere Miniſter und Unterſtaatsſeketäre, dann die
861 1118 1542 1160 Abgeordneten in bunter Reihe gingen ſie glücklich und fidel, daß ſie
864 1144 1542 1184 nun Ferien bekommen, durch den langen Korridor ins Haus der
864 1168 1542 1209 Lords. Hier wurde zunächſt durch eine beſondere „königliche Kom⸗
864 1195 1542 1236 miſſion“, den Lordkanzler an der Spitze, nebſt vier anderen hohen
864 1221 1542 1261 Herren, im Namen des Königs die Zuſtimmung erteilt zu
864 1245 1542 1287 nicht weniger als 62 Bills, die in den letzten Tagen von beiden
864 1272 1542 1313 Häuſern angenommen worden waren. Sodann wurde die ihnen tele⸗
864 1297 1545 1337 graphiſch übermittelte Thronrede verleſen und die Vertagung des
864 1323 1545 1363 Parlaments bis zum 16. November verkündet. Denn ein beſtimmter
866 1348 1545 1388 Termin muß angegeben ſein, ſo verlangt es Herkommen und Geſetz,
866 1374 1545 1413 wenn es auch im Belieben der Regierung bleibt, ob die Arbeiten an
866 1400 1545 1441 jenem Tage tatſächlich beginnen oder nicht. Zumeiſt treten die Häuſer
866 1425 1548 1464 erſt im Februar wieder zuſammen. Privatim hat ſich Sir Henry
866 1450 1548 1490 Campbell⸗Bannerman dahin ausgeſprochen, daß wahrſcheinlich im
866 1476 1548 1515 Januar bereits die neue Einberufung erfolgen werde und dann ſofort
866 1502 1548 1543 das vielfach ſo dringend begehrte Schankgeſetz vorgelegt werden
869 1532 916 1562 ſoll.
1594 1268 2243 1310 Die Preſſe wird ſich in den nächſten Tagen angelegen ſein laſſen,
1554 1293 2243 1334 die Leiſtungen der abgeſchloſſenen Tagung zu kritiſieren und den
1554 1317 2242 1362 einzelnen Miniſtern die Zeugniſſe auszuſchreiben. Daß das Par⸗
1554 1342 2245 1386 ſament, äußerlich wenigſtens, einen ganz ungewöhnlichen Fleiß
1557 1377 1672 1412 bewieſen.
1662 1370 2246 1411 dürfte von keiner Seite geleugnet werden. So lange
1557 1395 2243 1439 Sitzungen, regelmäßig hinter einander folgend, ſind vordem unbe⸗
1557 1419 2243 1464 kannt geweſen. Haben doch im Auguſt allein ſechs Sitzun⸗
1557 1446 2246 1489 gen des Unterhauſes ſtattgefunden von mehr als fünfzehn⸗
1557 1471 2246 1513 ſtündiger Dauer, Sitzungen, welche um dreiviertel drei Uhr
1557 1497 2245 1541 Nachmittags begannen und ſich bis zum Vormittag des andern Tages
1557 1522 2245 1568 hinzogen, einmal bis 9 Uhr. Und nach kaum ſechsſtündiger Pauſe
1557 1550 2246 1592 waren die Herren wieder auf dem Platze. Vielleicht aber iſt einiger
1560 1575 2246 1619 Zweifel erlaubt, ob bei ſolcher Anſpannung auch die kräftigſten
1558 1603 2246 1644 Leute körperlich und geiſtig befähigt bleiben, gute Geſetze zu liefern,
1560 1627 2247 1670 Balfour bezeichnete ſolche Art der Geſetzgeberei als ſkandalös, doch
1560 1654 2246 1697 Campbell⸗Bannerman blieb „ſtandhaft“ und wiederholte immer
1560 1680 2245 1723 wieder und wieder, es würde viel zu viel — unnützes Zeug geſprochen,
1560 1705 2246 1751 zuviel überflüſſige Debatte beliebt. Doch wird er ſich als Parla⸗
1560 1731 2247 1776 mentserzieher bewähren? Wir zweifeln daran. Und als ihm vor⸗
1560 1757 2248 1801 geworfen wurde, daß er ſelbſt nicht zuſtändig ſei, die Qualität der
1562 1783 2248 1826 Debatten zu beurteilen, da er die langen Sitzungen nicht mitmache,
1562 1809 2252 1854 da glaubte er ſich auf ſeine 71 Jahre, die Bürde ſeines Amtes und —
1562 1836 2248 1878 den Rat des Arztes zu ſeiner Entſchuldigung berufen zu dürfen.
1562 1861 2249 1906 Erfreut ſich Sir Henry größerer Freiheiten als die anderen M. P.s
1562 1886 2251 1931 im Lande der „Freiheit“, weil er die große Mehrheit hinter ſich
1562 1922 1619 1957 hat?
209 966 849 1008 Der Schluß des Parlaments erfolgte in Abweſenheit des Kö⸗
170 992 849 1034 nigs heute Mittag in faſt formloſer Weiſe. In England wird dieſer
170 1018 849 1062 Akt übrigens niemals als Schluß, vielmehr regelmäßig als Ver⸗
170 1042 852 1088 tagung — Prorogation — bezeichnet. Der Schluß des Parlaments
170 1069 852 1111 kann nur eintreten durch Auflöſung des Unterhauſes oder Ablauf der
171 1095 852 1137 Legislaturperiode, jede Pauſe in der Zwiſchenzeit — abgeſehen von
170 1119 854 1163 den ſehr kurzen Unterbrechungen während der Oſter⸗ und Pfingſtfeſte
172 1158 205 1187 —
195 1147 852 1188 wird durch Vertagung bewirkt. Allerdings erfolgt jede ſolche Ver⸗
171 1171 854 1213 tagung, ebenſo wie die Wiederaufnahme der Arbeiten durch könig⸗
171 1197 854 1238 liche Order, jedesmal wird eine Thronrede verleſen, die am Beginn
171 1222 851 1265 der Tagung das geſetzgeberiſche Programm verkündet, am Schluſſe
170 1248 838 1288 wie auf dem Feſtlande eine Quittung über die Leiſtungen ausſtellt.
212 1273 852 1315 Länger als ſonſt hat die Tagung diesmal gedauert. Am 12. Fe⸗
171 1299 854 1341 bruar iſt das Parlament zuſammengetreten, und nach alter Ueber⸗
172 1324 854 1367 lieferung trit in regelmäßigen Zeitläufen am 12. Auguſt, bei Be⸗
172 1350 854 1395 ginn der Hühnerjagd der Schluß ein. Und die zahlreichen Groß⸗
172 1376 854 1418 grundbeſitzer in beiden Hänſern waren recht unwirſch ob der längeren
173 1401 854 1443 Dauer und gaben ihrem Unwillen und Aerger auch in ſcharfen Wor⸗
173 1426 857 1469 ten recht deutlichen Ausdruck. Doch die Regierung verfügt über die
173 1452 857 1494 ſichere Mehrheit, und ſo wurde denn unter täglichem Schimpfen und
174 1477 857 1519 Schelten weiter getagt und „veraten“, bis wenigſtens ein gewiſſes
173 1503 857 1545 Penſum erledigt war. Freilich litten die Jagdfreunde und die Jäger⸗
174 1530 857 1571 freuden nicht allzuſehr unter den parlamentariſchen Pflichten. Wozu
174 1555 857 1597 hat man denn die ſchöne Einrichtung des „Abpaarens“? Im Ober⸗
176 1581 857 1622 hauſe iſt ohnehin, auch in der regelmäßigen Arbeitszeit, faſt ſelten
176 1606 857 1646 mehr als ein Drittel oder ein Viertel der Anzahl der erblichen Ge⸗
176 1630 857 1674 ſetzgeber zur Stelle. Aber in den Hundstagen, wo ſich ſogar nicht
176 1657 860 1699 wenige Lords heuer ſo demokratiſch geberdeten, im leichten, hellen
177 1681 860 1723 Sommerröckchen mit Strothut in der „goldenen Kammer“ — auch
177 1706 860 1748 ſo wird das Oberhaus nicht ſelten bezeichnet — zu erſcheinen, da
177 1731 860 1774 waren auch die 570 M. P.s des Unterhauſes auf knapp 300 zuſam⸗
177 1758 860 1800 mengeſchmolzen, die übrigen hatten ſich, mit Zuſtimmung der Partei⸗
177 1783 860 1825 führer, „abgepaart“, d. h. über die bevorſtehenden Abſtimmungen ſo
178 1809 860 1849 verſtändigt, daß das Fehlen der Mehrzahl keine Aenderung im
179 1835 860 1873 Stimmverhältnis herbeiführt. Ein deutlicherer und ſchlagenderer
178 1860 862 1900 Beweis iſt wohl kaum zu erbringen dafür, daß das viele Sprechen und
179 1885 862 1925 Debattieren im Parlamente wertlos, wirkungslos iſt, und daß durch
179 1911 860 1951 die parlanentariſchen „Verhandlungen“ ſelten oder niemals ein Ab⸗
179 1937 860 1976 geordneter zu anderer Anſicht bekehrt wird, als der, die er vorher
179 1962 862 2002 beſeſſen, oder die ihm von den Whips, den Einpeitſchern, vorgeſchrie⸗
178 1987 862 2027 ben iſt. Wie verlautet, ſoll es übrigens auf dem Feſtlande ſich ähnlich
179 2019 290 2051 verhalten.
186 2388 212 2406 2*
455 2439 603 2470 (Fortſetzung.)
618 939 832 975 London, 28. Auguſt.
621 2410 841 2448 (Nachdruck verboten.)
445 2327 605 2384 Bimini.
359 2378 692 2416 Roman von M. v. Ekenſteen.
296 899 724 953 Schluß des Parlaments.
1396 253 2174 324 Sonntag, 1. September 1907.
491 269 1198 337 Morgenausgabe. 1. Blatt.
213 277 499 337 Nr. 409.
418 352 463 396 9
162 328 2219 556 Königsberger Harkungſche Zeitung.
