2400 3535
576 472 989 511 gehalten hat. (Grosse Bewegung).
981 477 1134 510 Ich sehe in
576 496 1137 536 Dr. Peters den schlimmsten Menschen, den es
576 520 1137 558 gibt, den schlimmsten, der mir in meinem
576 545 1137 583 Leben vor Augen gekommen ist. (Grosse
576 568 1137 606 Bewegung im Zuschauerraum, wiederholte
576 592 1137 630 Plui-Rute.) Das ist meine Ueberzeugung, mit
576 617 1137 652 der ich lebe und sterbe. (Grosser Lärm im
576 643 1137 676 ganzen Saale). Vorsitzender: Sie sind weit
576 665 1137 702 über das hinausgegangen, was zulässig ist. Ich
576 689 1137 726 weise ihren Vorwurt gegen Dr. Peters entschieden
576 714 1137 750 zurück. — Dr. Peters: Wegen dieser Aeusserung
576 736 1137 773 wird der Major Donath sich vor dem Gericht zu
578 763 1137 797 verantworten haben. (Beifall im Zuschauerraum).
578 787 1139 821 — Zeuge Major Donath: Dr. Peters ist nach
578 808 1139 847 meiner Ueberzeugung ein mehrlacher Mörder.
578 834 1139 867 Ich wiederhole das. (Lauter Lärm und erneute
578 858 1139 891 Pfuit-Ruie aus dem Zuhörerraum, verschiedene
581 882 1052 914 Personen dringen auf Major Donath ein.)
1185 1481 1724 1517 Es folgt die Verlesung eines mit dem früheren
1162 1503 1724 1538 Gouverneur von Ostafrika, dem jetzigen Ka-
1162 1526 1724 1564 binettschef des Königs von Württemberg Frhrn.
1162 1551 1724 1588 v. Soden aufgenommenen Protokolls, in welchem
1162 1575 1724 1612 Herr v. Soden die Möglichkeit zugibt, dass die
1162 1599 1724 1637 Jagodja konspiriert haben könnte. Wenn diese
1163 1623 1724 1661 Möglichkeit vorliegt, musste Dr. Peters das Weib
1163 1647 1724 1684 fortschaffen. Die Hinrichtung der Jagodja
1162 1671 1724 1709 aber war unrichtig, besonders da die Weissen
1163 1695 1726 1734 vorher geschlechtlich mit dem Mädchen verkehrt
1163 1719 1726 1757 hatten. Die Mädchen durften nicht mit Gewalt
1165 1743 1726 1781 zurückgehalten werden. Richtig sei, dass die
1165 1767 1726 1806 Lage der Station gefährdet gewesen war und es
1165 1791 1726 1830 sei auch möglich, dass die Neger dort von der
1165 1815 1724 1854 Katastrophe der Zilewski-Expedition wussten.
1168 1839 1724 1877 Eine unmittelbare Verpflichtung des Dr. Peters,
1168 1863 1724 1901 alle Todesurteile dem Gouverneur zu melden,
1168 1887 1724 1926 lag nicht vor. Dr. Peters hätte später gegen sich
1165 1913 1726 1949 selbst die Disziplinar-Untersuchung beantragen
1168 1938 1604 1973 solen. Das wäre das Beste gewesen.
1190 2636 1729 2674 Hieraur ergreift Dr. Rosenthal das Wort. Er er-
1168 2662 1729 2699 innerte einleitend an das Wort Goethes, dass nie-
1168 2686 1729 2723 mand über Geschichte urteilen könne, als der,
1168 2710 1729 2746 der an sich selbst Geschichte erlebt habe.
1168 2732 1729 2772 Und das dies auch für ganze Nationen zu-
1259 2758 1729 2795 So hätten die Deutschen erst über
1168 2761 1252 2795 treſio.
1168 2782 1729 2819 Literatur sprechen lernen, seit sie selbst eine
1168 2806 1729 2843 Literatur haben. Dieses Goethesche Wort habe
1168 2830 1729 2867 immer seine Geltung gehabt, besonders aber in
1168 2854 1729 2891 Deutschland. So sei es auch mit der Kolonial-
1168 2878 1729 2916 geschichte, für die sich erst im Laufe der Jahre
1168 2903 1729 2939 eine besondere Beurteilung heranbilden musste.
1168 2926 1729 2963 Aus dieser Kolonialgeschichte ragt ein Mann
1168 2950 1729 2987 hervor, der sich unschätzbare Verdienste
1168 2974 1729 3011 für das Reich erworben hat. Er hat Deutsch-
1168 2998 1729 3035 Ostafrika gegründet, er die Emin-Pascha-Expe-
1168 3022 1729 3059 dition geführt. Ohne ihn gäbe es heute kein
1168 3046 1729 3083 deutsches Ostafrika. Auf seinen Taten baute
1168 3070 1729 3107 sich erst das grosse deutsche Reich am indischen
1168 3094 1729 3131 Ozean auf. Alle wirklichen Kenner der Kolonie
1168 3118 1648 3157 wüssten seine Verdienste zu schätzen.
1664 3118 1729 3154 Ver-
1190 1961 1726 1997 Damit ist die Beweisaufnahme erledigt. Die
1168 1985 1726 2022 Anträge der Verteidigung, die Abgg. Dr. Paasche
1168 2009 1726 2045 und Dr. Arendt nochmals zu laden und
1168 2031 1726 2070 ebenso die Vernehmung der übrigen noch vor-
1168 2057 1726 2096 geschlagenen Zeugen, wurde vom Gericht abge-
1168 2081 1726 2118 lehnt. Es meldete sich dann noch ein Dr.
1168 2105 1727 2142 Martens, der an der Hand der Eugen Wolff“
1168 2129 1729 2167 schen Schriften nachweisen wollte, wieso es
1168 2153 1729 2191 komme, dass Eugen Wolff durch Afrika
1168 2176 1727 2215 marschieren konnte, ohne einen Flinten-
1434 2201 1729 2237 Er wolle auch aus
1168 2204 1408 2239 schuss abzugeben.
1168 2224 1729 2263 Wolff's eigenen Schriften nachweisen, dass dieser
1168 2250 1727 2287 die Prügelstrafe bei Schwarzen für ange-
1168 2274 1727 2311 bracht halte. Der Vorsitzende bedauert. Dr.
1168 2299 1729 2335 Martens nicht mehr vernehmen zu können, da
1168 2323 1729 2359 er auf dem Standpunkt stehe, dass, wenn alles
1168 2347 1729 2382 noch erörtert werden sollte, was im Laufe der
1168 2371 1729 2410 Verhandlungen noch vorgebracht worden sei,
1168 2395 1729 2431 man noch wochenlang verhandeln müsse. Das
1168 2418 1729 2458 Gericht müsse endlich zu einem Schluss
1168 2444 1729 2481 kommen, da der Prozess sowieso schon
1168 2467 1729 2505 eine Woche dauere. Es werden dann noch
1168 2491 1729 2529 die inkriminierten 3 Artikel der „Münchener
1168 2515 1729 2554 Post“ und die Zuschrift des Dr. Peters an die
1168 2539 1729 2578 „Hamburger Nachr.“ verlesen. Vor Beginn der
1168 2563 1729 2602 Plaidoyers ermahnt der Vorsitzende das Publikum,
1168 2588 1729 2626 sich ruhig zu verhalten und bittet die Verteidiger,
1168 2614 1590 2650 jede unnötige Schärfe zu vermeiden.
1152 475 1713 510 Wissmann und Peters seien ebenfalls trotz aller
1152 499 1713 532 Freundschaft in kleine Zwistigkeiten geraten.
1152 521 1715 556 ihr Verkehr war ein sehr burschikoser. Einmal
1152 545 1715 580 habe Dr. Peters und er Wissmann Unter den
1152 571 1715 606 Linden in Berlin getroffen. Wissmann sagte
1152 593 1716 630 zu Peters: Was alter Junge, bist Du noch immer
1152 616 1716 652 auf freien Füssen! (Grosse Heiterkeit). Wenn
1152 641 1715 676 Wissmann Dr. Peters einen Lump ge-
1154 663 1716 700 nannt hat, so hat er sicherlich damit
1154 688 1716 725 nichts Schlechtes gemeint. Der Ton
1154 712 1716 747 zwischen alten Afrikanern ist eben ein sehr
1155 735 1716 771 humoristischer (Heiterkeit). Und ein anderes
1157 759 1716 795 Mal erzälte Wissmann, da sein Freund eine Ex-
1157 783 1716 821 pedition nach Sibirien machen wolle aber daran
1157 807 1716 843 verhindert sei. Dr. Peters sagte darauf: Der
1568 830 1718 864 (Heiterkeit.)
1157 832 1581 866 sitzt wohl noch im Zuchthaus. .
1157 855 1718 890 Wissmann hat die Worte ebensowenig auf die
1157 878 1718 917 Wagschale gelegt, wie Dr. Peters. Es ist richtig.
1157 903 1718 939 dass Dr. Peters nach einem Vortrag oder einem
1157 926 1718 963 Diner, wie das so seinem Wesen entspricht,
1157 950 1718 987 häufig sehr lebhaft war. — R.-A. Bernheim:
1157 974 1718 1011 Wissmann soll auch von Tropenkoller des Dr.
1157 998 1718 1038 Peters gesprochen haben! — Zeuge von Tiede-
1157 1022 1528 1061 mann: Tropenkoller? Was
1521 1022 1718 1057 soll denn das
1525 1044 1718 1081 (Grosse Heiter-
1244 1047 1520 1082 Den kenne ich nicht.
1157 1051 1251 1082 sein?
1529 1070 1718 1104 nur einen ge-
1157 1071 1538 1107 keit.) Wie gesagt, ich habe
1158 1094 1718 1130 kannt, den Bruder des Herrn Schröder-Poggelow.
1158 1118 1718 1155 Der hatte den Tropenkoller in Deutschland be-
1158 1142 1720 1178 kommen und wurde nach Afrika abgeschoben.
1160 1166 1721 1203 Der Zeuge fährt fort: Ich habe in den gestrigen
1160 1191 1721 1227 Zeitungen gelesen, dass der Leutnant Bronsart
1160 1214 1721 1251 v. Schellendorf mitgeteilt hat, dass er seine
1160 1238 1721 1274 Schulden inzwischen sämtlich gedeckt hat,
1160 1263 1721 1298 ich bedauere mitteilen zu müssen, dass der
1161 1285 1721 1322 Leutnant Bronsart v. Schellendori mir noch 1000
1161 1310 1721 1347 Rupien schuldet, dass ich also nicht in der be-
1161 1334 1721 1371 neidenswerten Lage bin, ihm seine Schuldlosig-
1161 1358 1721 1395 keit zu bestätigen. (Grosse Hleiterkeit). Der
1161 1382 1721 1419 Zeuge schildert dann den Leutnant Bronsart
1161 1406 1724 1442 v. Schellendorf als einen sehr leichtsinnigen
1162 1431 1724 1469 jungen Mann, der viel gespielt habe, und den er
1162 1454 1682 1490 als moralich minderwertig bezeichnen müsse.
602 907 1140 941 Nachdem sich die grosse Unruhe, die diesen
580 930 1140 966 Worten gefolgt, gelegt hat, wird als letzter Zeuge
580 954 1142 989 Frhr. v. Tiedemann-Lübeck vernommen. Er gibt
580 978 1141 1014 an, dass er monatelang bei der Emin-Pascha-
580 1002 1142 1038 Expedition mit Dr. Peters zusammen war und
581 1026 1141 1061 dass er ihn besser kenne als mancher andere.
581 1051 1142 1086 Dr. Peters habe sich öfter parsönlich verleindet,
581 1075 1142 1110 wenn er nach einem Vortrage oder nach einem
582 1098 1142 1135 Diner auf philiströse Ansichten über Afrika
582 1122 1142 1158 stiess, was ja einem alten Afrikaner in
582 1146 1142 1181 Deutschland auch heute noch hier und da
582 1170 1142 1207 passieren kann. Dann machte sich Dr. Peters
584 1195 1142 1229 auch öffer schlechter als er war und er-
584 1216 1142 1255 regte durch seine Aeusserungen Widerspruch,
584 1243 1142 1278 obgleich er sie gar nicht so gemeint hatte. Von
585 1264 1143 1303 der Emin-Pascha-Expedition meint Herr v. Tiede-
584 1291 1144 1326 mann: Die Träger waren das schlimmste Ge-
584 1315 1145 1350 sindel. Geschlagen musste aber nur am Anlang
585 1339 1145 1375 werden, und da habe ich selbst das gehörig mit-
585 1363 1145 1399 besorgen hellen. (lleiterkeit.) Dr. Peters ist
585 1387 1145 1422 sehr sinnlich, aber gesund sinnlich, in den
585 1411 1145 1447 richtigen Bahnen. Der Zeuge erklärt weiter:
585 1435 1145 1471 Ich bin nie so empört gewesen, als wie ich
585 1460 1145 1494 in der Zeitung die inſamen Auesserungen
586 1483 1145 1519 Eugen Wolffs über Alfred Krupp gelesen habe.
586 1508 1145 1543 (Erneuler Beifall und Unruhe im Zuhörerraum.)
586 1532 1145 1567 Es war das eine Intamie sondergleichen.
586 1556 1145 1591 (Erneute Beifallsrufe und Unruhe.) — Der Vor-
586 1579 1148 1615 sitzende vermittelt wieder in seiner bekannten
586 1604 1148 1642 liebenswürdigen Weise zwischen den erhitzten
587 1628 1148 1664 Gegnern. — Zeuge v. Tiedemann (fortfahrend):
587 1652 1148 1690 Eugen Wohl ist hier als Sachverständiger
587 1676 947 1711 über Atrika aufgetreten.
940 1676 1148 1710 Wenn das in
588 1699 1148 1736 Afrike bekannt wird, wird es ein homerisches
587 1724 1148 1760 Gelächter von der Küste bis zum Kili-
587 1748 1148 1784 mandscharo geben. Dr. Peters ist in Ost-
588 1773 1148 1807 afrika bei den Schwarzen als ein strenger, aber
587 1797 1149 1834 zugleich guter Herr bekannt. Er hat eine
588 1820 1149 1858 reizende Art, mit den Schwazen umzu-
588 1844 1150 1882 gehen. Dass ein Mann bei uns totgeprügelt
588 1869 1149 1904 wurde, ist eine platte Lüge. Bei der ganzen
590 1892 1150 1928 Emin-Pascha-Expedition ist kein einziges
588 1917 1149 1951 Menschenleben vernichtet worden als im ehr-
588 1940 1150 1976 lichen Gelecht Mann gegen Mann und in der Ver-
590 1965 1150 2003 teidigung gegen hinterlistige Angriffe. Ein einziger
588 1991 1150 2024 Mann ist von mir erschossen worden, weil meine
590 2013 1150 2050 Büchse vorzeitig tosging. Dieser Mann liegt mir
588 2037 1150 2074 jetzt noch schwer auf der Seele. Für meine
590 2061 1149 2100 Bildung und meinen geistigen Horizont ver-
590 2085 1149 2120 danke ich Dr. Peters ausserordentlich viel.
590 2108 1149 2146 Erotische Momente kamen bei ihm nie zur Geltung.
588 2135 1150 2171 Dr. Peters und ich stritten uns häutig, aber meist
588 2159 1150 2194 nur um Kleinigkeiten. Einmal sprachen wir
588 2182 1150 2219 wochenlang nicht und warum! Weil ich ihm
590 2206 1150 2243 zuviel von der Leber eines Huhns weg-
588 2231 1150 2269 gegessen hatte. (Heiterkeit.) — Rechtsanwalt
588 2254 1150 2291 Dr. Rosenthal: Der Zeuge Neuhaus will oft
588 2279 1150 2315 bei Dr. Peters im Zelt geweilt und allerlei
588 2302 1150 2341 gehört haben vom Totprügeln eines Trägers
590 2327 1103 2363 und dem Raub eines Negermädchens.
590 2353 1150 2388 Zeuge v. Tiedemann: ich kann mich überhaupt
590 2376 1150 2412 nicht erinnern, den Zeugen Neuhaus im Zelt des
590 2400 1150 2436 Dr. Petors gesehen zu haben und es erscheint
588 2424 1150 2460 mir sehr unwahrscheinlich, dass Dr. Peters sich
588 2448 1150 2484 mit ihm unterhalten haben sollte. Was den Raub
590 2472 1148 2508 eines Mädchens zu geschlechtlichen Zwecken an-
588 2496 1148 2535 langt, so ist nichts weiter wahr, als dass Dr. Pe-
590 2520 1150 2556 ters das Mädchen benutzte zu Verhandlungen
588 2545 1150 2580 mit ihrem Stamme. Er ist zwei oder drei
588 2568 1150 2604 Stunden mit ihr im Gespräch geblieben. Ero-
588 2593 1150 2628 tische Momente kamen aber dabei nicht
588 2617 1150 2652 in Betracht. Was dann das hier viel erzählte
588 2641 1150 2679 Schlagen mit der Nilpferdpeitsche anlangt, so wird
588 2666 1150 2703 mir jeder alle Afrikaner Recht geben, dass das
588 2690 1150 2728 Schlagen mit einem Rohrstock wirksamer ist, wie
588 2714 1150 2751 mit einer Nilpfordpeitsche, denn diese ist nur in
588 2737 1150 2773 ihren eersten Lebenstagen gut zu gebrauchen. Später
588 2762 1148 2799 wird sie brüchig. (Heiterkeit.) Selbstverständ-
587 2785 1148 2823 lich hat sie auch dann noch einige Wirkung.
590 2810 1148 2847 Aber wozu schlägt man denn sonst. Einmar
588 2833 1148 2871 erschien ein Missionar bei uns und bat Dr. Peters,
588 2859 1148 2896 einen schwarzen Häuptling durchzuprügeln, weil
588 2881 1148 2920 er unbotmässig gewesen war. Als die ersten Hiebe
587 2907 1150 2943 gefallen waren, bat der Missionar um Schonung.
587 2931 1150 2968 Dr. Peters lehnte das aber ab, der Missionar
587 2955 1150 2992 habe ihm die Gerichtsbarkeit übertragen und der
587 2979 1150 3017 Häuptling habe es jetzt mit ihm zu tun.
587 3001 1150 3042 (Heiterkeit.) Dr. Peters fügte hinzu, der Häuptling
587 3028 1150 3064 werde sich nicht so leicht wieder an einem
587 3051 1150 3089 deutschen Missionar vergreifen. (Bewegung.)
587 3075 1150 3114 Zeuge v. Tiedemann bekundet weiter, dass er
586 3099 1150 3138 auch ölter mit Wissmann zusammen war. Peters
587 3123 1148 3162 war vleich ihm mit Wissmann sehr befreundet.
1733 464 2296 508 gebens seien die Neider bei der Hand, sie zu
1730 487 2297 530 schmälern. Selbst Männer, die dem Ds. Peters
1730 511 2299 553 völlig fern stehen, sind von der Grösse seiner
1733 533 2299 576 Verdienste durchdrungen, man denke nur al die
1733 559 2297 601 Aussage des Vizepräsidenten des Reichtsags Ge-
1733 583 2299 625 heimrat Paasche und andere. Auch Wissmann
1733 607 2299 646 war stets ein warmer Verehrer des Dr. Peters
1733 629 2300 673 Alle anderen Behauptungen haben sich als Klatsch
1733 655 2299 694 erwiesen. Und nun kommt man und bringt den
1733 679 2299 720 Namen des so verdienstvollen Reichskommissars
1733 701 2299 743 mit dem ödesten Küstenklatsch in Verbindung.
1733 727 2299 767 Man wirft ihm allerlei Schandtaten vor, und
1733 748 2300 793 Intrigue und Klatsch sind eifrig bei der Hand,
1733 774 2300 815 das Bild des Dr. Peters in der Geschichte
1733 798 2300 839 anzuschwärzen. Da ist der Sekretär Wilhelm,
1733 822 2300 861 ein früherer Unteroffizier, er ist ein typisches
1733 846 2299 887 Beispiel dafür wie im heissen Afrika Küsten-
1733 868 2300 909 klatsch entsteht. Herr Wilhelm weis absolut
2182 894 2300 926 Er hört
1733 897 2189 935 nichts aus eigener Wissenschaft.
1733 918 2300 959 nur immer erzählen und berichten. Ihn um-
1733 942 2301 981 schwirren fortwährend dunkle Gerüchte, die er
1733 966 2301 1008 sich begeistert zu eigen macht, um sie dann
1733 990 2301 1029 weiter zu tragen. Dann trieb die Intrige in
1734 1014 2300 1053 der Heimat ihr falsches Spiel. Sie setzte früh-
1734 1039 2301 1080 zeitig gegen den Reichskommissar ein und ging
1736 1063 2300 1101 von verschiedenen Seiten aus. Schon die Eng-
1736 1088 2301 1127 länder gingen mit Hinterlist gegen den Deutschen
1736 1111 2301 1149 vor, der ihnen das Kilimandscharo-Gebiet streitig
1737 1136 2301 1173 machte, sie hetzten die Eingeborenen gegen
1736 1159 2300 1197 Dr. Peters auf und versorgten sie mit Waſlen.
1736 1183 2301 1223 Englische Gewehre wurden ja später in Menge
1737 1209 2301 1245 bei den Schwarzen am Kilimandscharo ge-
1737 1231 2302 1269 funden. Dann spann Herr Hellwig seine
1737 1256 2302 1295 Fäden, wie das Interwiew des Herrn v. Lossberg
1738 1280 2302 1319 klar ergibt. Auch der charakteristische Brief-
1738 1304 2302 1341 wechsel Hellwig -Dr. Wagner sagt genug-
1738 1327 2303 1367 Spornte doch Hellwig den Kolonialschriftsteller
1738 1352 2303 1392 Dr. Wagner mit allen Kräften an, gegen
1738 1377 2303 1413 Dr. Peters in der Presse zu Felde zu ziehen.
1738 1401 2305 1439 Durch einen Brief eines Oberstleutnants Simon
1738 1424 2305 1463 ist klar erwiesen, dass HHellwig schon in Kairo
1739 1449 2303 1487 die grösste Antipathie gegen Dr. Peters hatte.
1739 1473 2302 1510 Auch Dr. Arendt und Justizrat Kofka haben ähn-
1741 1497 2303 1535 liches bezeugt. Und einen solchen Mann, den
1741 1521 2303 1559 ingrimmigsten Feind des Dr. Peters, machte man
1741 1545 2303 1584 später zum öffentlichen Ankläger im Displarver-
1741 1568 2305 1607 fahren. Den Höhepunkt hatte die Intrigue erreicht,
1741 1593 2305 1631 als im Jahre 1896 der Reichstagsabg. Bebet
1741 1617 2305 1657 mit dem gefälschten Tuckerbriefe in die
1741 1640 2305 1680 Arena trat. Trotz der zum günstigsten Re-
1741 1663 2307 1703 sultate führenden Untersuchungen von 1892
1741 1688 2307 1727 und 1895 durch Frhrn. von Nordenflycht
1744 1713 2307 1751 und obwohl schon 1894 Kaiser Wilhelm und der
1743 1737 2306 1776 damalige Kolonialdirektor Dr. Kayser dem Dr.
1742 1761 2306 1800 Peters in jeder Richtung ihre Anerkennung aus-
1742 1785 2306 1825 gesprochen hatten, liess der Kampf gegen Peters
1742 1809 2305 1847 nicht nach. Dabei dachte man noch kurz vor-
1744 1832 2307 1872 her daran, dem Reichskommissar ein hohes Amt
1744 1857 2306 1896 mit voller Gewalt am Tanganikasee zu über-
1744 1881 2307 1920 tragen. Ja, sogar ein Buch des Dr. Peters über
1744 1905 2307 1944 Ostafrika war von der Kaiserin, das es gewidmet
1744 1931 2306 1969 war, gnädigst angenommen worden. Trotz alledem
1744 1955 2307 1992 würde wieder über die alten Dinge eine neue
1744 1977 2307 2016 Untersuchung eingeleitet. Man verfuhr dabei in
1744 2003 2307 2041 höchst sonderbarer Weise. Jede Verteidigung
1744 2027 2307 2064 des Dr. Peters wurde abgeschnitten, der Ge-
1744 2051 2306 2089 richtshof war ad hoc zusammengesetzt worden —
1744 2073 2307 2114 und Herrn Hellwig, den alten Feind das Dr. Pe-
1744 2099 2307 2137 ters, bestellte man zum Staatsanwalt. Es spielten
1744 2123 2306 2161 allerlei bedenkliche Momente in diese Verhand-
1744 2147 2307 2185 lungen hinein. Dr. Peters wurde von der poli-
1744 2171 2307 2211 tischen Polizei bewacht. Eine ihm gehörige Kiste
1744 2195 2307 2233 mit Akten verschwand auf unerklärliche Weise
1744 2220 2307 2259 für einige Wochen, um dann in der Wilhemsrasse
1744 2244 2308 2283 in Berlin wieder aufzutauchen. (Bewegung.) Als
1744 2268 2307 2307 man sie öffnete, fehlte eine Reihe der wich-
1744 2292 2308 2332 tigsten Korrespondenzen. Das Verjahren vor dem
1744 2316 2308 2356 Disziplinarhofe mutet recht merkwürdig an. Man
1744 2340 2307 2380 lehnte eo ipso alle Beweisanträge ab, die viel-
1744 2364 2307 2404 leicht unbequem werden konnten. Auf die Verneh-
1744 2388 2309 2428 mung von Sachverständigen verzichtete man
1744 2412 2309 2452 überhaupt, man glaubte am grünen Tische keiner
1744 2437 2308 2476 Belehrung über afrikanische Verhältnisse zu be-
1744 2460 2308 2500 dürfen. Man wollte nichts hören. Und so ent-
1744 2484 2309 2524 standen diese beiden Urteile, die ein Meisterstück
1744 2510 2309 2549 formal juristischer Klügeleien sind. Man übertrug
1744 2534 2309 2572 recht harmlos und schematisch die deutschen recht-
1744 2558 2309 2598 lichen und philosophischen Begriffe auf die wilden
1745 2582 2309 2621 Völker im innern Afrikas. Man wusste nichts
1745 2606 2309 2645 von afrikanischen Verhältnissen, nichts von afri-
1744 2630 2311 2669 kanischen Sitten und Gebräuchen. Und doch ist
1745 2656 2311 2694 dort natürlich alles ganz anders als bei uns
1744 2678 2311 2717 hier. Gilt es doch bei einigen Völkerstämmen
1744 2704 2311 2741 dort als höchst ehrende Begrüssungsformel, sich
1744 2729 2309 2767 dretmal gegenseitig ins Gesicht zu spucken.
1744 2753 2311 2789 (Heiterkeit.) Zunächst baute man das ganze
1745 2777 2312 2814 Gebäude der Schuld auf den Aussagen zweier
1745 2800 2311 2838 dem Dr. Peters feindlich gesinnter Herren,
1745 2825 2311 2861 des Leutnants Brousart v. Schellendorf und des
1746 2849 2312 2886 österreichischen Konsuls Dr. Oskar Baumann
1746 2873 2312 2910 auf. Herr v. Bronsart -ist hier als vollkommen
1746 2898 2312 2934 unglaubwürdig erkannt worden. Wir haben hier
1745 2922 2312 2958 gehört, dass Kameraden mit ihm nichts zu tun
1746 2946 2311 2981 haben wollten, weil er als verlogen galt. Neben-
1746 2970 2312 3005 bei fälschte Herr v. Bronsart zwei Scheks. Und
1746 2995 2312 3032 das war einer der Hauptbelastungszeugen. Ihm
1746 3019 2312 3053 unterstützte der Oesterrecher Baumann, der im
1746 3043 2313 3078 Irrwahn starb und dessen Bekundungen seinerzeit
1746 3069 2313 3104 schon vor dem Disziplinarhof als unwahr widerlegt
1746 3093 2312 3126 wordensind. Die Zusammensetzung auch des zwei-
1746 3117 2314 3155 ten Gerichtshofes, der über diese Verhältnisse sein
616 403 660 436 10
2176 395 2254 428 1907
1189 403 1662 444 Berliner Börsen-Zeitung No. 302
