2400 3435
1732 1722 1767 1743 —
592 1115 633 1141 1. 0
599 1442 644 1467 —
592 1057 1108 1096 Madrid, 30. Juni. (C. T. C.) Kriegs-
565 1079 982 1119 minister Lono ist heute gestorben.
594 1265 1118 1308 Konstantinopel, 29. Juni. (C. T. C.) (Mel-
570 1286 1118 1332 dung des Wiener K. K. Telegr.-Korresp.-Bureaus.]
573 1310 1118 1353 Der Gouverneur des Libanons Muzaffer
573 1341 859 1376 Pascha ist gestorben.
579 728 1102 770 Paris, 1. Juli. (C. T. C.) Eine in Béziers
557 751 1105 795 zirkulierende Petition, in der die Zurückbe-
557 775 1105 818 rufung des 17. Infanterie-Regiments ver-
557 797 1084 842 langt wird, erhielt viele tausend Unterschriften.
1226 1919 1696 1958 „Journal des Debats“ teilt mit, das fran-
1152 1940 1697 1983 zösische Kriegsministerium erkläre, es sei ihm
1152 1964 1697 2006 nichts bekannt über das vom „Matin“ verbreitete
1154 1988 1697 2030 Gerücht, dass Deutschland Pläne von
1154 2010 1694 2053 dem französischen lenkbaren Kilitär-
1154 2038 1561 2078 Luftschiff aufgefangen habe.
1170 1532 1684 1574 „Siècle“ sagt: Wir wünschen eine Verständi-
1141 1556 1686 1599 gung mit Deutschland über alle Fragen, über die
1144 1578 1686 1621 eine Verständigung durchführbar ist. d. h. bis auf
1144 1602 1686 1644 weiteres über Kolonialfragen zweiter Ordnung
1144 1626 1689 1667 oder andere. Aber die besondere Lage Frank-
1144 1648 1689 1692 reichs legt seiner Diplomatie eine Haltung kluger
1144 1681 1293 1712 Reserve auf.
629 1099 1113 1143 wonikolujewsk, 29. Juni. (C. T. C.)
568 1124 1113 1167 In der Nähe des Dorfes Bigry in der Provinz
568 1147 1116 1190 Tomsk haben 7 Räuber die von Barnaul kommende
568 1171 1116 1215 Post ausgeplündert, nachdem sie die Pferde
568 1194 1116 1237 und einen Polizeiagenten getötet hatten. Die
568 1218 1116 1262 Räuber erbeuteten 25 000 Rubel und entkamen in
569 1250 713 1282 einem Boot.
1757 2880 2284 2926 Dagegen hat sich aber in Cherbourg ein Unfall
1733 2906 2284 2950 von geringer Bedeutung ereignet. Das Untersec--
1733 2928 2285 2971 boot „Le Français“, das auf der Reede unter
1733 2952 2285 2995 Wasser evolutionierte, stiess mit einer Jacht zu-
1733 2976 2286 3019 sammen und erlitt dabei einige Beschädigungen,
1733 3000 2286 3043 konnte aber in das Arsenal zurückkehren. Per-
1733 3027 2060 3065 sonen wurden nicht verletzt.
632 2904 1153 2942 Dus „Journal des Débats“ meint: Es wäre
608 2927 1153 2968 inopportun, günstige Pressäusserungen mit Uebel-
609 2951 1153 2990 wollen aufzunehmen oder sie mit zu viel Eifer
609 2973 1153 3013 zu verzeichnen. Wir dürfen einen guten Willen
609 2997 1153 3036 nicht im voraus entmutigen, der etwa in Deutsch-
609 3021 1156 3060 land hervortritt, um eine Entente an die Stelle
610 3045 1153 3084 der offenen oder latenten Schwierigkeiten treten
1768 1940 2262 1982 Die Lage in Sädfrankreich ist noch
1738 1954 1775 1980 —
1714 1963 2264 2006 immer sehr unbefriedigend. Die auf gestern in
1714 1986 2264 2031 Béziers zur Vornahme der Municipalwahlen
1715 2011 2264 2055 zusammenberulenen Wähler haben der Aufforde-
1717 2034 2265 2078 rung keine Folge geleistet. Die Wahllokale
1717 2058 2265 2101 mussten geschlossen werden; der erste Wahlgang
1717 2080 2265 2125 ist ungültig. Es bedart einer neuen, die Wähler
1718 2109 2102 2147 zusammenberufenden Verordnung.
1163 1348 1683 1387 „Petite République“ sagt, sie könne erklären,
1137 1368 1684 1410 dass nichts Neues geschehen sei. Zwischen dem
1137 1392 1684 1433 deutschen Reichskanzler und dem französischen
1138 1414 1684 1455 Botschafter beständen höfliche, sogar herzliche
1138 1438 1685 1479 Beziehungen, aber bezüglich Marokkos sei keine
1138 1461 1686 1503 Unterhandlung begonnen worden und könne auch
1138 1484 1686 1526 nicht begonnen werden, ehe die fünfjährige
1141 1509 1684 1549 Gültigkeitsdauer der Algeciras-Akte zu Ende sei.
575 520 1097 562 Wien, 30. Juni. (C. T. C.) Der „Slavischen
552 542 1097 586 Korrespondenz“ zufolge sprach der Kaiser bei
552 566 1100 609 dem gestrigen Emplange des Präsidiums des
554 589 1100 634 Abgeordnetenhauses seinen Dank aus für
554 611 1100 656 den übermittelten Ausdruck der Loyalität und
554 635 1100 680 gab der Hoffnung Ausdruck, dass sich das Ab-
555 656 1100 703 geordnetenhaus nunmehr fruchtbringender Arbeit
555 681 1102 726 im Interesse des Staates und der Völker widmen
556 716 640 746 werde.
1772 1703 2258 1746 Gestern fand in Detmold die feierliche
1709 1729 2258 1771 Enthüllung des Denkmals füür den
1709 1752 2258 1795 Graf-Regenten Ernst statt; Geheimer Justir-
1709 1774 2259 1819 rat Kahl--Berlin hielt die l'estrede, die in ein Hoch
1709 1798 2259 1841 auf den Fürsten und das Fürstenhaus ausklang.
1710 1822 2260 1865 Fürst Leopold gab in bewegten Worten seinem
1712 1845 2260 1889 Danke dafür Ausdruck, dass des Volkes Liebe
1712 1867 2262 1913 ihm das Bild seines erlauchten Vaters geschenkt
1712 1904 1780 1934 habe.
651 2212 1142 2252 Wie aus Kiel berichtet wird, brachten, als
621 2226 654 2250 —
600 2234 1142 2277 das japanische Geschwader bei seiner
600 2258 1142 2300 Ausreise am Sonnabend an der Hochseeflotte
598 2281 1142 2323 vorüberfuhr, die deutschen Mannschaften drei
600 2305 1144 2346 Hurras aus; die Japaner erwiderten; die deutschen
600 2328 1145 2370 Schiffe signalisierten: Glückliche Reise. Das
600 2349 1145 2395 japanische Flaggschiff antwortete: Herzlichen
600 2375 1145 2417 Dank für die erwiesenen Freundlichkeiten während
600 2405 871 2441 des Kieler Aufenthaltes.
1169 1695 1692 1737 „Cil Blas“ behauptet, Etienne sei nach Berlin
1145 1718 1692 1761 gegangen, um die durch das französich-spanische
1146 1742 1692 1783 Uebereinkommen entstandene Beunruhigung zu
1146 1765 1693 1808 beseitigen. Das Blatt spricht über den ihm be-
1146 1786 1694 1831 reiteten Empfang seine Freude aus. Etienne sei
1149 1812 1694 1854 der am besten dazu Geeignete, um die Wirkung
1149 1836 1694 1878 einer in ihrem Gedanken richtigen, in ihrer An-
1149 1860 1694 1899 wendung aber vielleicht ein wenig abenteuer-
1149 1886 1486 1923 lichen Politik abzuschwächen.
584 822 1105 864 Rom. 30. Juni. (C. T. C.) Hier haben heute
560 843 1105 886 die Wahlen für 29 Gemeinderäte und 5
560 867 1108 912 Provinzialräte stattgefunden. Der Kampf war
562 890 1108 933 ein sehr lebhafter zwischen dem Bunde der
562 913 1108 957 katholisch-konservativen Parteien und dem Block
562 938 1108 980 der Volksparteien. Nach den ersten vorliegenden
563 961 1108 1004 Wahlergebnissen scheint der Sieg der Kandidaten
563 983 1110 1028 der Volkspartei gesichert. Anhänger der Volks-
563 1006 1110 1053 partei ziehen durch die Strassen; sie werden von
564 1035 937 1071 der Menge sympathisch begrüsst.
1082 1916 1134 1950 Die
611 1919 1090 1961 Travemände, 1. Juli. (C. T. C.)
592 1940 1134 1986 „Hohenzollern“, der Kreuzer „Königsberg“ und
592 1964 1137 2009 der „Sleipner“ gingen heute morgen 7 Uhr nach
591 1988 1137 2033 Kiel in See. Der Kaiser gedachte auf der Fahrt
591 2011 1136 2055 nach Kiel an Bord der „Hohenzollern“ die Vor-
752 2035 1137 2075 Kriegsministers Generalleutnants
592 2046 736 2081 träge des
592 2059 1138 2101 von Einem und des Stellvertreters des Cheis des
592 2082 1139 2126 Zivilkabinetts Geheimrats von Eisenhardt-Rothe
593 2106 1140 2148 zu hören. Die Abreise des Kaisers und der
593 2128 1140 2173 Kaiserin sowie des Prinzen Adalbert von Kiel
594 2152 1140 2197 nach Kopenhagen erfolgt morgen auf der „Hohen-
594 2186 694 2219 zollern“.
1794 2575 2278 2617 In Paris eingetroffene Nachrichten aus
1728 2598 2277 2642 Toulon erwähnen eines Gerüchts, dass zwischen
1728 2622 2277 2666 dem Panzerkreuzer „Jauréguiberry“
1728 2645 2278 2689 und einem Torpedobootszerstörer ein
2170 2669 2278 2701 der 60
1730 2673 2177 2712 Zusammenstoss stattgefunden,
1730 2691 2278 2738 Opfer gekostet habe. Nach anderen Angaben soll
1730 2717 2278 2760 der Torpedobootszerstörer in den Grund gebohrt
1730 2741 2281 2784 worden sein. Der Marineminister erhielt gestern
1733 2763 2281 2807 nachmittag ein Telegramm von Admiral Touchard,
1733 2787 2281 2831 dass sich keinerlei Ereignis zugetragen habe,
1733 2811 2281 2852 welches den Vorwand zu dem Gerücht von einem
1733 2834 2281 2876 Zusammenstoss beim Geschwader hätte geben
1733 2869 1825 2900 können.
1741 2127 2265 2172 In Paray-le-Monial (Dep. Saône et Loire) hielt
1720 2151 2266 2197 gestern der Abgeordnete Sarrien republikan.-
1720 2175 2266 2219 scher Radikaler) eine Rede, in der er sein Be-
1720 2198 2265 2244 dauern aussprach über die Ereignisse im Süden.
1720 2222 2268 2264 Er meinte aber, es sei ein eigentümliches
1720 2245 2269 2289 Mittel, wenn man durch Aufreizung zur Em-
2151 2268 2270 2303 Ordnung
1720 2272 2156 2315 pörung und zur Anarchie die
1720 2292 2270 2336 und den Wohlstand herzustellen versuche.
2139 2316 2237 2350 daran
2230 2317 2270 2347 zu
1722 2319 2146 2360 Redner versprach, seine Kraft
1829 2337 2270 2381 dass der Gesetzentwurf betreffend
1722 2349 1838 2383 setzen,
1722 2363 2271 2406 die Einkommensteuer verbessert werde dadurch,
1722 2388 2271 2431 dass ihm jeder inquisitorische Charakter genom-
1725 2409 2272 2453 men werde. Er sagte der Regierung seine loyale
1725 2432 2272 2477 Unterstützung zu, und richtete die dringende Auf-
1725 2456 2273 2500 forderung an alle Republikaner, bei den nächsten
1725 2481 2273 2524 Kantonalwahlen ihre Pflicht zu tun. Er rechne.
1725 2504 2275 2548 darauf, dass, wie stets, die Angriffe der Reaktion
1726 2534 2012 2571 vergebliche sein würden.
656 2434 1145 2473 In einem Interview mit einem Redakteur
624 2448 664 2471 —
602 2457 1145 2498 des Pariser „Journal“ hatte der Senator Saint-
602 2481 1145 2521 Germain erzählt, der ehemalige französische
603 2505 1148 2545 Kriegsminister Etienne habe in Kiel eine
604 2528 1148 2569 Unterredung mit Kaiser Wilhelm
603 2552 1148 2594 gehabt, in der über eine deutsch-französische
603 2575 1148 2616 Koloniale Verständigung gesprochen worden
603 2599 1148 2639 sei. Der Kaiser wünsche, namentlich betr.
604 2621 1148 2662 Marokkos eine Einigung herbeizuführen. Etienne
604 2646 1150 2684 habe dann auch längere Zeit mit dem Fürsten
605 2669 1150 2708 Bülow verhandelt. Da Etienne keine offizielle
605 2694 1150 2732 Persönlichkeit ist, hat die Unterhaltung, wenn
605 2715 1150 2755 sie wirklich in der oben charakterisierten
605 2739 1150 2780 Form stattgefunden hat, selbstverständlich nur
605 2763 1153 2803 den Charakter eines privaten Gedanken-
605 2786 1150 2827 austausches. Wenn ihr die französische Presse
606 2809 1150 2851 eine grössere Bedeutung beilegt, so schiesst sie
606 2833 1150 2874 über das Ziel hinaus. Immerhin ist es inter-
608 2857 1153 2897 essant, die Stellungnahme der einflussreichen
608 2886 841 2918 Blätter zu verfolgen.
640 1428 1121 1470 Aus Trevemtinde, 30. Juni, wird ge-
576 1452 1121 1495 meldet: Der Käaiser begab sich heute vor-
576 1474 1121 1520 mittag von Bord der „Hohenzollern“ an Bord der
578 1497 1121 1543 „Hamburg“, um auf dieser Jacht die Regatta mit-
578 1520 1124 1567 zueegeln. Die „Hamburg“ machte alsbald los und
578 1543 1124 1590 ging an den Start. Von 11 Uhr 45 Minuten ab
578 1567 1124 1611 starteten 22 Jachten zur Wettfahrt des Nord-
579 1591 1126 1634 deutschen Regatta-Vereins und des Lübecker
581 1614 1126 1657 Lachtklubs auf der Lübecker Bucht. Das Wetter
581 1636 1126 1681 ist kühl und trübe, es herrschen nordwestliche
581 1662 1126 1705 Winde. Die Kaiserin unternahm vormittags
582 1684 1129 1728 einen Spaziergang an Land bis zum Seetempel.
605 1707 1129 1752 Die „Hamburg“ mit dem Kaiser an Bord wurde
582 1732 1129 1775 kurz nach 3 Uhr nachmittags hier eingeschleppt.
584 1754 1129 1799 Der Kaiser verweilte noch einige Zeit an Bord,
584 1778 1129 1824 begab sich dann auf kurze Zeit an Bord des
585 1801 1129 1845 „Meteor“ und stattete endlich auf der amerika-
584 1824 1131 1869 nischen Lustjacht „Utowana“ einen längeren Be-
586 1846 1132 1892 such ab. Nachher begab sich der Kaiser an Bord
586 1870 1132 1915 der „Hohenzollern“. Prinz Heinrich segelte die
587 1898 942 1939 Regatta auf der „Navahoe“ mit.
1112 459 1660 504 zu lassen, für die Marokko Ursache oder Vor-
1113 483 1661 526 wand war. Wenn die Deutschen nichts zu ge-
1113 506 1662 548 winnen haben bei einer Fortsetzung dieser
1114 529 1662 571 Schwierigkeiten, so würden wir bei ihrem Ende
1114 553 1662 595 Ende nichts zu verlieren haben. Die Erfahrung
1114 575 1662 619 hat gezeigt, dass einige Liebenswürdigkeiten noch
1114 599 1662 643 nicht das Verschwinden der Schwierigkeiten an-
1115 622 1662 666 gekündigt haben. Die Besprechungen, die ausser-
1116 645 1665 688 halb der regulären diplomatischen Wege gepflogen
1117 669 1665 711 wurden, schienen mehrmals eine Entente anzu-
1118 691 1665 735 kündigen, aber es war bald unmöglich, bei ihnen
1120 716 1667 758 ein anderes Ziel zu entdecken, als das, uns zu
1120 739 1668 782 bawegen, unsere allgemeine Politik diskutieren zu
1120 761 1668 804 lassen, dem marokkanischen Köder, der vor uns
1121 784 1668 828 hin und her bewegt wurde, zu folgen, oder in
1122 807 1670 850 einem Teile der öffentlichen Meinung Illusionen zu
1122 830 1670 873 verbreiten, die unserer Regierung bei der Politik
1122 853 1670 896 der Klugheit oder Reserve, zu der sie durch die
1125 878 1670 920 Brutalität der Tatsachen gezwungen war, Verlegen-
1125 901 1670 944 heiten bereiten könnten. Die Vergangenheit muss
1125 923 1673 967 das Summen der die diplomatische Kutsche
1622 946 1673 979 (Le
1488 949 1589 981 mildern.
1359 951 1460 987 Fliegen
1125 955 1367 991 umschwärmenden—
1485 970 1673 1005 bourdonnements
1128 974 1425 1015 passé doit modérer
1418 975 1473 1006 les
1128 993 1673 1036 des mouches du coche diplomatique). Wenn
1128 1017 1676 1059 sich eines Tages jenseits des Rheins gute
1128 1040 1676 1084 Stimmung zeigt, so muss man sich hüten, sie
1128 1063 1676 1107 zurückzuweisen, aber auch abwarten, ob sie auf
1128 1088 1676 1130 unserer Botschaft in Berlin, die gegenwärtig so
1130 1111 1678 1154 vortrefflich besetzt ist, in Erscheinung tritt. In
1131 1133 1678 1177 einer Lage, die alle Präzedenzfälle, selbst in den
1133 1158 1678 1200 Augen der am wenigsten Bedächtigen, zu einer
1133 1182 1678 1223 heiklen machen müssen. muss man sorgsam eine
1133 1204 1678 1247 üble Laune, die rückwärts blickt, vermeiden, aber
1133 1228 1681 1269 ebenso auch unverantwortliche Schritte und einen
1133 1251 1681 1295 Eifer, der zu schnell das Schwimmholz ver-
1133 1274 1681 1317 grössert, das in der Ferne auf den Wassern der
1134 1297 1681 1341 Diplomatie schwimmt (grossissant trop vite les
1133 1321 1658 1362 batons flottant loin sur les eaux diplomatiques).
1204 2068 1700 2111 In einem offiziösen Telegramm aus Berlin be-
1178 2085 1213 2108 —
1157 2095 1700 2136 schäftigt sich die „Köln. Ztg.“ mit den Aussagen
1157 2118 1700 2160 des Herrn v. Liebert im Peters-Pro-
1157 2142 1700 2184 zess. Der Gewährsmann des rheinischen Blattes
1157 2166 1702 2207 schreibt: Falls das Sachverständigen-Gutachten
1157 2188 1702 2231 des Couverneurs v. Liebert in den nach Berlin
1157 2211 1702 2255 gelangten Berichten der Blätter annähernd richtig
1157 2235 1702 2276 wiedergegeben ist, so enthält es so ausserordent-
1158 2259 1702 2300 lich viele Irrtümer, dass ihm sofort widersprochen
1160 2282 1705 2324 werden muss. Wir wissen nicht, ob Herr v. Liebert
1160 2305 1705 2350 je am Kilimandscharo gewesen ist; seine Auslüh-
1160 2328 1705 2372 rungen scheinen uns dagegen zu sprechen. Gleich
1160 2353 1705 2394 zu Anfang seines Gutachtens redet er von der
1162 2376 1705 2417 Bananenlinie. Diese berührt den Schauplatz der
1162 2399 1707 2441 Petersschen Taten nicht. Der trunkfeste Mareale
1162 2424 1707 2465 braut sein Bier hauptsächlich von Honig. Dann
1162 2447 1708 2489 behauptet er, dass die Leute am Kilimandscharo
1162 2471 1708 2512 sich bedrückt fühlten, wenn ein Fremder zu
1162 2493 1708 2534 ihnen käme. Das ist unzutreffend. Gerade die
1165 2516 1710 2558 Stämme, mit denen Peters zu tun hatte, sind,
1165 2541 1710 2582 wie am besten die Missionare empfunden haben,
1165 2565 1710 2606 den Europäern im allgemeinen freundlich gegen-
1165 2588 1710 2629 über getreten. Der grosse Kampf, der unter
1168 2611 1710 2653 Manteuffel und Scheele gegen die Moschi-Leute
1165 2635 1710 2680 geführt worden ist, ist auf den unseres Wissens
1166 2659 1713 2699 zu Peters Zeiten begangenen grossen Fehler der
1168 2681 1713 2724 Verlegung der militärischen Station von Moschl
1168 2706 1710 2748 nach Marangu (Mareale) und darauf zurückzu-
1168 2730 1713 2771 führen, dass die Ereignisse unter Peters über-
1168 2753 1713 2795 haupt den Kilimandscharo in Unruhe versetzt
1168 2777 1713 2816 hatten. Das ist wenigstens die gemeinsame An-
1168 2801 1715 2840 sicht Manteuffels und Scheeles gewesen. Die
1168 2823 1716 2864 Stämme am Kilimandscharo fühlten sich da-
1168 2846 1716 2887 mals durchaus nicht solidarisch, wie Liebert
1170 2871 1716 2912 behauptet, sondern lagen vielfach mitein-
1170 2893 1716 2935 ander im Kriege. Von der deutschen Verwal-
1170 2918 1716 2959 tung wurde immer ein Stamm gegen den andern
1170 2941 1718 2983 ausgespielt. Den Tod des Forschers Dr. Lent,
1170 2964 1718 3004 der erst 1896 erfolgte, als einen Beweis für die
1170 2989 1718 3029 Gefährlichkeit der Neger, mit denen Peters zu
1170 3012 1718 3053 tun hatte, anzuführen, ist ganz unzutreffend.
1170 3037 1718 3076 Dr. Lent wurde von dem Warambostamme er-
1677 443 2228 490 mordet, der als besonders unkultiviert und krie-
1677 467 2229 514 gerisch galt. Mit den Leuten, vor denen von
1677 490 2229 537 curopäischer und farbiger Seite Dr. Lent genügend,
1680 515 2230 559 aber ohne Erfolg gewarnt worden war, hat Peters
1680 537 2230 583 gar nichts zu tun gehabt. Bei der Bestrafung
1680 561 2230 604 dieses grimmigen kleinen Höhlenvolkes für die
1680 584 2230 628 Ermordung Dr. Lents haben die Moschi-
1680 607 2233 651 und Mareale-Leute mit der grössten Bereit-
1682 631 2233 675 willigkeit mitgewirkt. Dass die Kunde von dem
1682 653 2233 698 Untergange der Zelewskyschen Expedition damals
1682 677 2233 721 bis zum Kilimandscharo gedrungen war, wird
1683 700 2234 744 immer behauptet. Der Nachweis dafür ist nie
1685 722 2234 768 geführt worden. An sich ist es bei der Ent-
1685 747 2235 790 fernung von Uhehe bis zum Kilimandscharo, dem
1685 771 2235 813 Umstande, dass irgendwelche direkte Verbindungen
1685 793 2235 836 nicht vorhanden waren, und dass in mancherlei
1685 817 2235 860 Gegenden Ostafrikas Kämpfe geführt wurden,
1688 841 2236 883 sehr unwahrscheinlich. Ein ganz schlimmer
1688 863 2236 907 Irrtum begegnet Liebert und spricht dafür,
1688 886 2237 928 dass er die damaligen politisch-militärischen
1689 910 2238 952 Verhältnisse am Kilimandscharo noch nicht
1689 933 2239 976 einmal aus den Akten kennt, mit der Be-
1689 956 2241 1002 hauptung: „Bülow war gefallen.“ In Wirklichkeit
1690 980 2240 1023 hat der tapfere Bülow, der Bana Simba, vor dem
1691 1005 2241 1047 Antritt seiner Todesexpedition, von Todesahnungen
1691 1027 2241 1071 erfüllt, über das Verhalten Peters einen Bericht
1693 1051 2241 1094 nach Dar-es-Salaam geschrieben, der für diesen
1694 1073 2241 1116 ausserordentlich belastend sein soll. Auch die
1696 1097 2241 1141 Behauptung Lieberts, das Bezirksgericht Dar-es-
1696 1120 2242 1164 Salaam habe drei „Plünderer“ zum Tode ver-
1696 1144 2243 1187 urteilt, kann nicht stimmen, da wegen Plünderns
1696 1167 2243 1209 niemand vom Bezirksgerichte, beziehungsweise
1696 1191 2243 1233 Bezirksamte zum Tode verurteilt werden kann.
1696 1214 2245 1256 Die Beurteilung und die Behandlung der Farbigen
1696 1237 2245 1280 durch Herrn von Liebert hat in Deutsch-Ostafrika
1698 1261 2246 1304 manchen Tadel gefunden, der sich besonders laut
1698 1285 2246 1328 erhob, als Liebert einen schwarzen Koch, den
1698 1306 2248 1351 er auf eine Expedition mitgenommen hatte. und
1698 1330 2249 1374 der wegen eines auf dieser Expedition gleich
1698 1354 2249 1398 hinter Dar-es-Salaam verübten schweren Ver-
1701 1377 2249 1421 brechens von dem Bezirksamtmann von Strantz
1701 1401 2251 1443 festgenommen worden war, gegen den Wunsch
1701 1424 2252 1467 des Bezirksamtmanns in Freiheit setzen liess und
1702 1447 2252 1491 weiter auf die Expedition mitnahm. Wenn Liebert
1702 1472 2252 1515 schliesslich behauptet, der Erfolg hätte Peters
1704 1495 2253 1537 für seine Handlungsweise am Kilimandscharo
1704 1519 2253 1562 Recht gegeben, so wird diese Ansicht unter den
1704 1542 2254 1584 Offizieren der estafrikanischen Schutztruppen
1704 1566 2253 1609 jedenfalls keine Billigung finden. Die Offiziere,
1704 1588 2252 1632 die nach Peters am Kilimandscharo, insbesondere
1704 1611 2254 1655 an führender Stelle, wie Scheele und Manteulfel,
1706 1635 2254 1679 zu tun gehabt haben, sind durchaus vom Gegen-
1706 1665 1974 1699 teil überzeugt gewesen.
582 414 620 447 6
2109 376 2188 412 1907
709 480 934 532 Telegramme.
1152 392 1617 439 Berliner Börsen-Zeitung No. 302.
650 1385 1046 1440 Politische Nachrichten.
