2400 3414
117 2571 148 2591 —
1264 1987 1307 2014 do.
1235 595 1257 616 1
674 1523 710 1543 —
114 2208 150 2228 —
1240 1147 1281 1172 do.
1285 1894 1329 1922 do.
1650 1443 1718 1473 340 B
1530 1384 1555 1409 *
1589 2096 1668 2130 1200 B
1661 1301 1729 1337 3686
1664 907 1748 937 93,25 G
1671 1373 1750 1407 19386
1665 976 1749 1009 99,50G
1240 2150 1377 2180 Stamm-Akt.
1586 2027 1748 2059 33506 3330 G
1586 2049 1748 2085 1230 bz 1228 G.
1242 1333 1288 1363 do.
1242 1354 1284 1385 do-
1377 1355 1424 1383 do.
1210 1376 1348 1409 Gottessegen
1582 1958 1702 1989 234,50 b G
1240 1959 1591 1991 4 % Z. v. 1./1. 1907 à 300 ℳ
1386 1979 1702 2015 Lit. B à 1000 ℳ 234,50 b G
1216 2030 1531 2063 Deutschland Gewerkschaft
1218 2050 1582 2087 Oelsn. Bergbau-Gewerkschaft. .
1216 1910 1563 1946 Vereinsbank 4 % Z. v. 1/ 1907
1216 1932 1588 1967 Schlemaer Holzst. u. Papierfabrik
1232 741 1745 778 Zwickau, 28. Juni. (Kursbericht von Eduare
1205 767 1526 800 Bauermeister, Bankgeschäft.)
1270 790 1521 823 Staatspapiere und Fonds.
1587 2144 1726 2176 410 bz 407 G
1340 2164 1592 2203 Prior.-Aktien à 300 ℳ
1584 2169 1670 2199 1070 B
1264 2174 1311 2205 do.
1586 2192 1659 2223 318 G
1218 2193 1518 2228 Union Kriebitzsch Pr.-Akt.
1242 2075 1590 2110 Braunkohlen-Aktien u. Prior.-Aktien.
1216 2100 1591 2134 Grube Ernst zus. Prior.-Akt. A..
1216 2122 1589 2158 Prehlitzer Braunkohlen-Gesellsch.
1252 587 1745 620 Holland-Amerika-Linie. „Noordam“, v. Rotterdam
1205 608 1742 645 nach New-York, 30. Juni vormittag 10 Uhr 30 Min.
1205 635 1377 668 Lizard passiert.
148 2566 641 2600 Wie uns aus Hagen berichtet wird, werden
93 2585 641 2623 die Hasper Eisen- und Stahlwerke im
93 2612 617 2644 nächsten Monat den dritten Hochofen anblasen.
1282 2928 1772 2961 Berlins Getreide- und Mehlzufuhren zu Wasser
1229 2951 1772 2985 vom 29. Juni mittags bis 1. Juli mittags betrugen
1229 2974 1772 3009 446 to Weizen, 364 to Hafer, 20 to Gerste,
1229 2997 1689 3035 350 dz Weizenmehl, 100 dz Roggenmehl.
1584 1376 1662 1405 1911 bz
1332 1392 1582 1433 Prioritäts-Aktien .
1577 1397 1660 1429 2126G
1256 1405 1301 1432 do.
1578 1420 1660 1451 73756
1331 1422 1435 1454 III. Em..
1256 1424 1301 1454 do.
1529 1432 1553 1451 *
1210 1439 1582 1481 Hohndorf bei Lichtenstein Aktien
1578 1444 1654 1474 330 G
1576 1467 1651 1499 533G
1454 1468 1583 1503 Prior.-Akt.
1316 1470 1361 1502 do.
1578 1490 1652 1519 460 B
1213 1491 1519 1527 Kaisergrube Stamm-Aktien
1533 1499 1581 1521 - *
1574 1211 1657 1243 25406.
1229 1213 1489 1246 sammengelegte Aktien
1526 1220 1583 1249 * *
1574 1233 1649 1264 315G
1210 1236 1409 1269 Concordia-Aktien
1557 1239 1582 1270 *
1468 1242 1556 1273 .  .
1210 1253 1455 1292 Concordia Prior.-Akt.
1575 1256 1651 1288 530G
1557 1264 1583 1292 **
1210 1275 1543 1317 Erzgeb. Steinkohlen-Akt.-Ver.
1576 1277 1657 1312 1236 G
1576 1304 1652 1334 370 bz
1210 1307 1317 1337 Gersdort
1322 1322 1575 1361 Prior.-Aktien Serie 1.
1576 1326 1649 1358 8396
1576 1349 1649 1380 740 G
1477 1352 1582 1385 Ser. I.
1578 812 1665 847 98,50 B
1205 816 1547 849 Pölbitzer Aktien-Bierbrauerei.
1551 818 1589 849 *
1539 822 1559 844 2
1548 836 1643 872 » 100 G
1205 838 1485 871 Chem. Fabrik Devrient.
1518 843 1558 872 *
1205 850 1559 896 Königin Marienhütte v. 1889 .
1571 858 1645 890 101G
1552 864 1579 891 *
1568 881 1645 914 101G
1205 882 1577 917 Schlemaer Holzstoff- u. Papieriab.
1570 905 1658 939 93,50 bz
1205 906 1579 941 Zwickauer Stadt-Obligationen.
1325 929 1646 964 von 1872 u. 1876   100 G
1250 936 1292 961 do.
717 1360 1193 1395 Die Dividende der Vorzugs-Aktien der
650 1383 1193 1419 Germania Portland-Cementfabrik für
650 1407 1193 1443 1906/07 ist von uns auf 5 % geschätzt worden.
648 1430 1193 1467 Heute wird uns jedoch mitgeteilt, dass ca. 8 9,
648 1454 1193 1491 gegen 5 2 im Vorjahre, in Aussicht zu nehmen
650 1482 710 1511 sind.
698 696 1185 728 Die 5 b à 103 rzb. Teilschuldverschreibun-
642 718 1185 752 gen Serie III der Deutsch-Ueberseeischen
642 741 1188 776 Elektricitäts -Gesellschaft gelangten
642 764 1188 800 heute an der hiesigen Börse zum ersten Male
642 786 1187 823 zur Notiz. Der Kurs stellte sich auf 101 /2 bez.
642 813 758 844 und Geld.
1316 1744 1745 1781 (Vereinsglück) Aktien  1780bz 1775 G.
1314 1772 1478 1804 Industrie-Aktien.
1584 1792 1725 1826 405 bz 400 G
1216 1796 1468 1828 Bockwaer Eisenbahn.
1216 1817 1532 1852 Pölbitzer Aktien-Brauerei .
1586 1817 1657 1849 390 B
1533 1829 1561 1850 *
1216 1840 1571 1876 Portland-Cement-Fabr. Gössnitz
1583 1840 1654 1871 415 G
1600 1862 1761 1897 115 % 4,25
1216 1866 1409 1898 Zwickauer Bank
1584 1886 1743 1919 Abzahlg. G
1584 1905 1758 1940 174,50  bz u. G
144 1795 630 1831 Wie uns aus Düsseldorf telegraphisch mit-
88 1817 633 1852 geteilt wird, ist das Deutsche Gas- und
88 1841 633 1877 Siederohrsyndikat gestern unter Beitritt
88 1865 633 1899 des Press- und Walzwerkes Act.-Ges. in Düssel-
88 1889 633 1923 dorf als einzigen aussenstehenden Werkes auf
88 1913 422 1946 drei Jahre verlängert worden.
1254 424 1742 459 Norddeutscher Lloya. „Stuttgart“ 29. Juni v.
1222 429 1263 454 —
1202 444 1742 483 Bahia abgeg. „Prinz Heinrich“ 29. Juni Gibraltar
1202 468 1744 507 pass. „Bayern“ 30. Juni Vlissingen pass. „Fried-
1202 492 1744 529 rich der Grosse“ 30. Juni nachm. 2 Uhr v. Cher-
1202 515 1745 553 bourg abgeg. „Königin Luise“ 30. Juni nachm.
1202 538 1745 575 8 Uhr in Genua angek. „Yorck“ 30. Juni v. Suez
1202 566 1340 596 abgegangen.
1280 955 1497 987 Kohlenwerks-Anleihen.
1208 978 1348 1011 Deutschland
1573 979 1657 1007 99,75 bz
1208 988 1657 1035 Lugauer Steinkohlenb..-Ver. v. J. 1873 98,756 G
1523 988 1549 1006 [
1467 989 1496 1010 *
1486 1023 1654 1055 V. J.1875 98 75 G
1364 1025 1408 1057 do.
1240 1029 1285 1057 do.
1208 1046 1654 1084 Oelsnitz. Bergbau-Gew. v. 1862  98,75 G
1466 1070 1654 1103 v. 1894 . 98,75 G
1309 1072 1353 1103 do.
1572 1091 1657 1125 98,75 G
1208 1094 1581 1129 Zwickauer Bürgergewerkschaft
1208 1115 1581 1151 Zwickau-Oberhohndorf v. J. 1895
1572 1115 1657 1148 99,50 G
1457 1138 1654 1174 v. J. 1902 99,75 G
1358 1144 1402 1172 d0.
1229 1163 1570 1198 Steinkohlen-Aktien u. Prior.-Aktien.
1210 1189 1574 1220 Bockwa-Hohnd.-Vereinigtfeld zu-
706 1512 1193 1547 Bei der Allgemeinen Berliner Om-
651 1535 1193 1570 nibus-Actien-Gesellschaft stellten sich
651 1559 1193 1594 die Brutto-Ergebnisse des Pferde- und Automobil-
650 1582 1196 1617 betriebes im Monat Juni cr. auf 754 380 ℳ gegen
650 1606 1196 1641 658 433 ℳ im Juni 1906. Die Gesamteinnahmen
650 1629 1196 1665 im ersten Halbjahr 1907 belaufen sich nunmehr
650 1652 1196 1689 auf 4 335 977 ℳ gegen 3 662 361 ℳ in derselben
653 1678 875 1711 Zeit des Vorjahres.
1354 1515 1653 1549 Prior..Akt. Serie I . 650 B.
1269 1523 1316 1550 4O.
1347 1534 1753 1571 Prior.-Akt. Serie II 910-900b2 8966
1268 1541 1313 1573 do.
1213 1560 1654 1598 Lugauer Steinkohlenbau-Verein 781G
1430 1584 1665 1618 Prior.-Aktien 1040G
1306 1587 1352 1615 do.
1550 1607 1642 1642 10G
1213 1608 1557 1642 Oberhohndorl-Forst in Liquid.
1581 1629 1713 1661 586 63 B
1361 1632 1555 1665 -Schader Aktien
1258 1635 1301 1663 do.
1560 1635 1588 1665 *
1580 1649 1745 1685 1640bz 16306
1213 1654 1588 1690 Zwickauer Bürgergewerkschaft .
1580 1676 1718 1711 635 bz u. G
1213 1680 1493 1713 Zwickauer Brückenberg
1213 1700 1587 1736 Zwickauer do. Zehntenscheine
1580 1700 1666 1730 2090 G
1213 1725 1585 1759 Zwickauer Steinkohlenbau-Verein
1245 2216 1758 2252 London, 1. Juli, 11 Uhr 2 Minuten vorm.
1218 2237 1764 2277 (Mitgeteilt von der General Mining and Finance
1218 2261 1764 2300 Corporation Limited.) Randmines 5,43, Eastrand
1218 2285 1764 2323 3,93, Goldfields 3,40, Modders 5,12, Chartered
1221 2309 1764 2347 1,25, Aurora West 0,09, Cinderella 1,50, New Goch
1218 2332 1764 2371 0,87, Meyers 3,87, Steyn 1,25, Roodepoort 1,03,
1218 2356 1764 2392 Johannesburg 0,31, Vanryn 3,00, Sacke 0,31, Albus
1221 2379 1764 2416 1,09, West Rand Cons. 0,31, Rand Collieries 0,93.
1221 2405 1420 2439 Alles Mittelkurse.
672 1115 1190 1149 — Ueber die Rauchwaaren-Zurichterei
648 1138 1188 1173 und Färberei A.  G. vorm. Louis
648 1161 1190 1198 Walter's Nachfolger hören wir, dass
648 1184 1190 1221 das Unternehmen zurzeit voll beschäftigt
648 1208 1190 1245 ist, und die Fabrikate sich wachsender An-
648 1230 1190 1268 erkennung erfreuen. Die Verwaltung glaubt
648 1254 1190 1291 daher, dass sie das ihr durch die Konkurrenz ge-
648 1277 1190 1313 raubte Terrain allmählich wieder gewinnen wird.
648 1302 1190 1337 Die Aktionäre haben mithin keinen Anlass zur
648 1328 812 1361 Beunruhigung.
146 1950 633 1982 Wie der Stahlwerks-Verband bekannt
114 1954 154 1978 —
88 1971 636 2007 giebt, stellte sich für die Werke des Verbandes,
89 1995 636 2030 soweit sie an den preussischen Staatsbahnen und
88 2019 633 2053 den Reichseisenbahnen in Elsass-Lothringen ge-
88 2042 633 2077 legen sind, in der Woche vom 16. bis 22. Juni cr.
88 2066 636 2102 der Ausfall an langen, vornehmlich zum Trans-
88 2088 636 2125 port von Schienen und Trägern geeigneten Wagen
88 2112 636 2146 auf 4059 Stück gleich rund 52  der Anforderung.
89 2136 636 2169 Gegenüber der Vorwoche haben sich die Ver-
90 2159 529 2191 hältnisse nicht im mindesten gebessert.
640 429 1182 463 dende gegen 14 b im Vorjahre zu verteilen und
640 452 1182 487 dem Arbeiter-Unterstüzungs-Fonds 15 000 ℳ zu
640 474 1182 509 überweisen. Es würde dann allerdings auf das neue
640 497 1182 532 Geschäftsjahr ein Gewinnbetrag von 146 885 ℳ
640 520 1182 557 gegen 92 445 ℳ im Vorjahre übertragen werden.
640 544 1182 579 Der Aufsichtsrat hält das aber für angebracht, denn
640 567 1182 602 er will eine Erhöhung des Aktienkapitals, die bei
640 591 1182 626 fortdauernder Steigerung des Umsatzes unver-
640 614 1185 647 meidlich ist, in Rücksicht auf die allgemeinen
640 635 1185 673 Geldverhältnisse, erst im nächsten Jahre in Er-
642 662 817 695 wägung ziehen.
704 848 1188 880 In das Handelsregister des Amtsgerients
666 854 701 877 —
642 869 1188 904 Berlin-Mitte ist am 26. Juni cr. die Firma Ber-
642 892 1188 928 liner Vietoriamühle Aktien-Gesell-
642 916 1188 951 schaft mit einem Grundkapital von 1 500 000 ℳ
642 938 1188 976 eingetragen. Die Gesellschaft hat bekanntlich die
645 962 1188 998 Berliner Victoriamühle G. m. b. H. übernommen.
645 984 1188 1022 Gründer sind die Neue Boden-Aktiengesellschaft, Re-
642 1008 1188 1046 gierungsrat a. D. Direktor Dr. Otto Drosle, Bank-
642 1032 1190 1067 direktor Robert Frieboes, Bankier Albert Schmass
645 1055 1188 1094 und Kammergerichtsrat a. D. Bankdirektor Wil-
645 1082 803 1113 helm Thinius.
717 2744 1206 2780 Hamburg-Südamerikanische Dampfschiffahrtsgosell-
683 2750 723 2774 —
658 2766 731 2801 schaft.
748 2766 1206 2804 „Cap Roca“ auf Ausreise 30. Juni von
849 2789 1206 2829 „Bahia“ auf Ausreise 30. Juni
658 2794 841 2827 Coruna abgeg.
851 2813 1206 2853 „Tijuca“ auf Heimreise 30. Juni
658 2816 843 2851 in Bahia angek.
863 2837 1206 2873 „Santa Lucia“ auf Ausreise
658 2841 842 2875 Ouessant pass.
661 2860 1209 2899 30. Juni von Paranagua abgeg. „Paranagua“ auf
661 2883 1209 2920 Heimreise 30. Juni von Tenerifſa abgeg. „Per-
661 2906 1209 2944 nambuco“ auf Ausreise 30. Juni von Lissabon
661 2931 1209 2968 abgeg. „San Nicolas“ auf Heimreise 30. Juni
661 2955 1209 2991 von Leixoes abgeg. „Santa Cruz“ auf Ausreise
661 2978 1209 3014 30. Juni v. Antwerpen abgeg. „Cordoba“ auf
664 3004 1033 3038 Ausreise 30. Juni Ouessant pass.
146 2203 636 2235 Nachdem zwischen dem Düsseldorfer
93 2224 636 2259 Roheisensyndikat und den beiden Gross-
90 2248 636 2282 händlerlirmen Karl Später in Koblenz und Gebr.
90 2271 636 2306 Röchling in Ludwigshafen a. Rh. eine Aussöhnung
90 2295 638 2330 eingetreten ist, nehmen die beiden Händlerfirmen
90 2319 636 2351 vom 1. Juli cr. ab den Verkauf von Qualitäts-
90 2342 636 2375 roheisen wieder als Vertreter des Düsseldorfer
90 2366 638 2399 Syndikates auf. Da die beiden Firmen im ver-
90 2387 638 2423 gangenen Halbjahr ausschliesslich Luxemburger
93 2412 638 2445 und englisches Roheisen an Stelle der rheinisch-
93 2435 638 2470 westfälischen Marken verkauft haben, dürfte nun-
93 2459 638 2493 mehr eine besondere Verringerung des Absatzes
93 2482 638 2516 von englischem Roheisen in Deutschland er-
93 2505 638 2540 folgen, was auf die Preisbewegung dieser Eisen-
93 2529 537 2561 sorte nicht ohne Einfluss bleiben dürfte.
148 2654 641 2689 In der vorgestrigen Sitzung des Aufsicnts-
116 2659 153 2681 —
93 2674 641 2710 rats der Rathenower Optischen Indu-
93 2699 641 2734 strie-Anstalt vorm. Emil Busch A.-G.
93 2723 641 2758 wurde der Abschluss für das abgelaufene
93 2745 388 2783 Geschäftsjahr vorgelegt.
416 2746 641 2780 Die Absatz -Zil-
93 2769 641 2805 fern sind wiederum wesentlich gestiegen,
96 2793 641 2828 und so wurde trotz der Erhöhung der Be-
93 2816 641 2851 triebs- und Handlungs-Unkosten und der Er-
93 2840 644 2875 höhung der Preise der Rohmaterialien
96 2862 644 2899 ein nennenswert höherer Bruttogewinn aus-
96 2886 641 2921 gewiesen. Der Aufsichtsrat hat für Abschreibun-
96 2910 644 2945 gen auf immobilien wieder 11 500 ℳ, wie im
96 2934 226 2968 Vorjahr
219 2934 644 2968 für Maschinen und Werkzeuge
96 2957 412 2992 40 000 ℳ gegen 30 000
420 2957 644 2992 ℳ im Vorjahre
405 2970 429 2990 2
96 2980 644 3014 und für Gratifikationen an die Beamten
96 3003 644 3042 28 000 ℳ festgesetzt. Er schlägt vor, 15 % Divi-
1245 2427 1764 2462 London, 1. Juli, vorm. 11 Uhr 55 Min.
1221 2450 1764 2486 (C. T. C.) 21½ 9 Konsols 84 1½, 3 % Deutsche
1221 2472 1766 2510 Reichsanleihe 83, Argentinische 5  Eisen-
1221 2495 1766 2533 bahnanleihe von 1890 101, Argentinische 5 %
1221 2519 1766 2557 Goldanleihe von 1886 103 ¼, Argent. 4 % Anleihe
1221 2543 1766 2581 von 1897/1900 80. 4/½ % Chines. Anleihe
1221 2567 1768 2603 von 1898 97 ¼, Griechische Anleihe von
1224 2590 1769 2627 1881 50 12, Italiener 100 ¾, 4 % japanische Anleihe
1224 2615 1771 2651 von 1905 84 8, 5  japanische Anleihe von
1224 2637 1772 2675 1901/02 100 ¾, 4 ½ % japanische Anl. von 1905
1268 2661 1771 2698 Rupees 64 ¾, 5 % kons. Mexikaner 100 ¾,
1234 2668 1276 2697 —
1224 2684 1772 2722 3 % Portugiesen 66 12, 4 5 Russen von 1889
1224 2709 1772 2745 73 ¾, 4 % Spanier —, 4 % Türken unifiz. An-
1224 2732 1772 2768 leihe 92 ½, Ottomanbank 18 ¼, Baltimore & Ohio
1224 2756 1772 2792 99 ⅜, Canadian Pacific 179 ⅛, Chicago-Milwaukee
1226 2778 1772 2815 134, Louisville-Nashv. 119 ½, Norlolk & Western
1226 2802 1772 2840 78; Chartered 1 ¼, Debeers 23 1 5⁄16, Goldfields 3 5/⁄16,
1226 2828 1593 2860 Rio Tinto 83 %. Ungleichmässig.
706 1806 1196 1841 Mitteilungen der Aeltesten der Kaufmannschaft von
653 1828 1196 1863 Berlin. Im deutsch-italienischen Güterver-
653 1851 1196 1888 kehr ist in der letzten Zeit wiederholt beobachtet
653 1876 1196 1911 worden, dass die vom Absender zu machen-
653 1899 1196 1936 den Angaben in dem Frachtbrief nicht mit den
653 1922 1196 1959 Angaben in der Zolldeklaration überein-
653 1943 1196 1981 stimmten. Da die italienische Zollbehandlung
653 1968 1198 2006 lediglich auf Grund der Zolldeklaration erfolgt, ent-
653 1992 1198 2027 stehen aus der Nichtübereinstimmung zahlreiche
656 2015 1198 2053 Weiterungen und Reklamationen. Gemäss Ar-
656 2039 1198 2074 tikels 10 des internationalen Uebereinkommens
653 2062 1198 2099 und der reglementarischen Bestimmungen für
653 2086 1198 2121 den deutsch-italienischen Güterverkehr liegt
653 2109 1198 2145 der Eisenbahn eine Prüfung der Richtigkeit und
656 2133 1201 2170 Vollständigkeit der Papiere nicht ob. Etwaige
656 2156 1201 2193 aus einer mangelhaften Ausstellung der Papiere
656 2180 1201 2217 entspringende Schadensersatzansprüche können
656 2204 1201 2239 daher eisenbahnseitig nicht anerkannt werden.
656 2228 1201 2261 Die Aeltesten der Kaufmannschaft sind von amt-
656 2250 1201 2285 licher Seite ersucht worden, die Interessenten in ge-
656 2274 1201 2311 eigneter Weise darauf aufmerksam zu machen, dass
656 2297 1201 2332 eine genaue Uebereinstimmung der Angaben im
656 2320 1201 2356 Frachtbrief und der Zolldeklaration in ihrem
658 2344 1201 2379 eigenen Interesse dringend geboten ist. —
658 2366 1201 2403 Ueber eine zweifelhafte Firma in Buda-
658 2391 1204 2427 pest, welche Privatleute in Deutschland zur
658 2412 1204 2455 Börsenspekulation heranzuziehen sucht, und zu
885 2436 1204 2471 in deutschen Zeitungen
656 2441 892 2474 diesem Zwecke
658 2459 1204 2498 annonzieren lässt und vor der bereits im
658 2484 1204 2521 Jahre 1903 gewarnt worden ist, sind den
658 2507 1204 2545 Aeltesten der Kaufmannschaft von Berlin von
658 2530 1204 2567 zuverlässiger Seite Mitteilungen zugegangen. Ver-
658 2555 1204 2590 trauenswürdigen Interessenten wird im Zentral-
658 2578 1204 2615 Bureau der Korporation, Neue Friedrichstr. 51 I,
658 2602 1204 2638 an den Werktagen zwischen 9 und 3 Uhr münd-
658 2627 1001 2660 lich nähere Auskunft gegeben.
80 432 622 465 taben noch einen solchen Umfang, dass von
80 453 622 489 einer ausgeprägten Zurückhaltung noch nicht die
80 477 622 512 Rede sein kann; 60 % der Erzeugung sind den
80 500 622 533 Werkshändlern vorbehalten, last 20 ₰% umfassen
80 524 622 557 die Verkäufe nach dem Auslande, und um den
80 546 622 581 Rest bemühen sich die übrigen Händler und
203 569 622 605 Die Knappheit in Baueisen, und
80 572 198 604 Fabriken.
77 593 622 627 namentlich in Trägern, ist in dem anhaltenden
80 617 622 653 Drängen der Kundschaft um beschleunigte Liefe-
80 640 625 675 rung erkennbar, neue Bestellungen kommen in
80 663 622 698 ausreichender Menge herein und stellen an die
80 687 625 722 beteiligten Werke Anforderungen, die sie bis zur
80 708 622 745 Grenze ihrer Leistungsfähigkeit beschäftigen. Die
80 734 625 767 Liefertermine ziehen sich auf 8 und mehr
80 755 625 791 Wochen hin. Im Monat Mai stellte sich die
82 778 625 818 Trägerverladung auf 175 000 to, davon 31 583 to
80 803 625 837 für das Ausland, ist also weiter gestiegen.
80 826 625 862 Verbandsseitig werden die Trägerwerke zur
80 849 625 885 ununterbrochenen Erfüllung ihrer Lieferungs-
80 872 625 909 pflichten angehalten. Bei einer Stockung des
81 896 625 932 Trägermarktes wäre die erste Massnahme eine
80 918 625 955 mindestens 5 Bige Quotenbeschränkung und in
82 942 625 977 zweiter Reihe Mehrabgabe nach dem Auslande
82 965 625 1003 mit einem Exportrabatt. Die Ausfuhrgeschäfte
82 989 625 1027 bringen Erlöse bis zu 130 bis 132 ½ ℳ für die
82 1013 625 1048 Tonne, frachtfrei Sechafen, entsprechen also
82 1036 628 1071 dem Inlandserlöse aus Ende des Jahres 1905,
82 1059 628 1095 wo sich die Werke auch nicht mehr schlecht
82 1083 628 1118 standen. Viele Konstruktionswerkstätten leiden
82 1107 628 1142 unter der verzögerten Lieferung der Trägerwerke
85 1130 628 1165 und müssen zum Teil erhebliche Konventional-
85 1154 628 1189 strafen tragen, wenn auch der Verband besonders
83 1176 628 1213 diesen Unternehmungen in weitgehendster Weise
83 1200 628 1235 entgegenzukommen trachtet. Die Leistungsfähig-
85 1224 628 1258 keit ist zwar um ein Bedeutendes gestiegen und
85 1247 628 1281 man erwartete daraufhin eine flottere Träger-
85 1270 629 1306 lieferung, inzwischen sind aber sowohl die west-
85 1295 630 1328 lichen wie die schlesischen Werke sehr stark an
85 1317 630 1352 der Lieferung von Eisenbahnoberbaumaterial
85 1341 630 1377 engagiert worden. — Träger und schweres Bau-
85 1364 630 1401 eisen kosten 135 bis 140 ℳ pro Tonne
85 1388 302 1421 ab Walzwerk. —
294 1388 630 1423 Konstruktionseisen erreicht
85 1410 630 1447 1421½ bis 147 1⁄½ ℳ. — Die Trägerausfuhr
85 1433 630 1469 hat im Vorjahre eine monatliche Durch-
85 1457 630 1492 schnittsziffer von 33 500 to erreicht, in diesem
85 1481 630 1515 Jahre nur 32 300 to; eine etwaige Verminderung
85 1505 630 1539 des Inlandskonsums liesse sich daher durch diese
86 1528 630 1563 Absatzquelle leicht korrigieren. Vorläufig hat
86 1550 630 1586 also der Schatten, der sich allmählich auf den
86 1575 630 1609 allgemeinen Eisenmarkt niedersenkt, die Lage
86 1598 630 1633 des Trägermarktes noch nicht berührt. Der
88 1620 630 1655 Rohstoffmangel besteht weiter, von Preissteige-
88 1643 633 1679 rungen für das zweite Halbjahr wird Abstand ge-
88 1667 633 1702 nommen, um eine Ueberanspannung und somit
88 1691 633 1726 die Gefahr eines plötzlichen Rückschlages zu
88 1714 633 1748 vermeiden. Man hofft, dass der Geldmarkt die
88 1737 633 1771 industrielle Lage nicht mehr lange unter Druck
88 1762 225 1793 halten wird.
1674 363 1708 388 9
112 365 188 396 1907
1330 2006 1504 2036 Steinkohlen-Kuxe.
840 1774 1006 1810 Vermischtes.
810 2712 1057 2748 Schiffsnachrichten.
1373 2883 1622 2930 Marktberichte.
1333 699 1612 748 Fremde Börsen.
674 360 1142 396 Berliner Börsen-Zeitung No. 302.
