2400 3421
677 576 1225 614 eine Menge Zustimmungserklärungen zu dem
677 599 1225 637 Vorgehen meines Mandanten dabei sind. — R.-A.
677 625 1165 658 Dr. Rosenthal: Das gleiche kann ich sagen.
1240 568 1790 607 mals vorgekommen ist. Er stellt das als ein Phan-
1240 592 1793 630 tasiebild ihrerseits dar. — Fr. Dr. Kayser bleibt
1240 616 1793 654 dabei, dass sich die Sache so abgespielt habe,
1240 640 1793 675 wie sie es hier erzähle. — R.-A. Dr. Rosenthal
1240 663 1795 701 teilt dann mit, dass ihm soeben von Dr. Arendt
1240 686 1793 725 ein Telegramm aus Berlin zugegangen sei, in
1240 709 1793 746 welchem dieser wünscht, zu der Aussage der
1240 734 1793 770 Frau Dr. Kayser nochmals vernommen zu
1240 756 1792 794 werden. — Die Ladung wird vorläufig zurück-
1240 784 1335 818 gestellt.
1287 2495 1813 2532 Es wird dann weiter der Zeuge Major
1262 2518 1814 2557 v. Lengerke vernommen, der inzwischen aus
1263 2542 1814 2581 Kassel eingetroffen ist. Er sagt aus, dass er damals
1264 2566 1813 2604 bei dem Diner beim Grafen v. Hutten-
1264 2588 1814 2628 Czapski zugegen war. Er habe auch die Er-
1264 2612 1815 2652 zählungen von Dr. Peters gehört, aber einen ganz
1264 2636 1815 2676 anderen Eindruck gewonnen als der Zeuge Major
1264 2660 1816 2698 Donath. Peters habe von den Verurteilungen des
1266 2683 1816 2722 Mabruk und der Jagodja gesprochen. Seine Erzäh-
1266 2708 1817 2747 lungen liessen aber die Hinrichtungen durchaus ge-
1266 2731 1819 2770 rechtfertigt erscheinen. Niedmand hätte den Ein-
1266 2754 1820 2794 druck gehabt, dass Peters ungerecht vorgegangen sei,
1269 2779 1820 2817 oder etwa aus geschlechtlichen Motiven so ge-
1269 2801 1822 2841 handelt habe. Dr. Peters erzählte dabei auch
1269 2826 1822 2864 von Grausamkeiten einzelner Engländer und war
1269 2849 1822 2888 entrüstet, dass diese so etwas getan haben. Das
1269 2873 1822 2912 würde er doch nicht ausgesprochen haben, wenn
1272 2897 1822 2934 er selbst ähnliches begangen hätte. Der Vortrag
1272 2921 1823 2957 des Dr. Peters fand am selben Abend statt,
1272 2944 1825 2981 viele Offiziere waren anwesend und allgemein
1272 2968 1825 3005 bekam man den besten Eindruck von Dr. Peters
1272 2991 1827 3029 und seinen Ausführungen. — Zeuge Major Donath:
1272 3015 1826 3052 Ich bleibe bei meiner Ansicht und meiner Be-
1272 3037 1828 3081 hauptung, dass Dr. Peters den Vortrag nicht
1264 803 1792 840 Die nächste Zeugin ist die Lehrerin Frl. Brun-
1240 828 1792 863 stein von der Münchener Handelsschule. Sie be-
1240 849 1793 887 kundet, sie sei vor drei Jahren zu Besuch bei
1242 873 1793 911 Frau Wissmann auf Schloss Weisenbach bei
1242 897 1792 936 Linz gewesen. Es wurden dort viele Afrika-
1242 920 1793 959 erinnerungen ausgetauscht, da wiederholt alte
1242 944 1793 981 Afrikaner bei Major v. Wissmann zum Besuch
1242 968 1793 1004 weilten, Eugen Wolff und andere. Major von
1242 991 1793 1028 Wissmann war stets sehr objektiv, nach der
1242 1014 1793 1052 Ueberzeugung der Zeugin selbst seinen Feinden
1242 1038 1792 1077 gegenüber. Er sei aber doch immer in Er-
1242 1062 1793 1099 regung gewesen, wenn von Dr. Peters die
1242 1086 1793 1122 Rede war. Einmal habe Wissmann erregt ge-
1242 1108 1793 1146 sagt: Ja der Peters, der Lump und habe die Tür
1242 1131 1793 1169 hinter sich zugeworfen. Was aber vorher darüber
1242 1155 1793 1194 gesprochen worden, weiss die Zeugin nicht, denn
1242 1178 1793 1215 man habe mit Rücksicht auf sie als Dame sich
1242 1202 1793 1241 naturgemäss über die Vorgänge am Kilimandscharo
1244 1226 1793 1262 sehr leise unterhalten. Sie habe erst jetzt aus
1244 1249 1793 1286 den Zeitungen ersehen, um was es sich damals
1245 1272 1795 1310 gehandelt habe. Damals hatte sie davon keine
1245 1296 1796 1333 Ahnung, weiss aber, dass Wissmann auf
1245 1318 1796 1357 Dr. Peters sehr schlecht zu sprechen war. Sie
1245 1342 1795 1381 sei auch der Ueberzeugung, dass die Aeusse-
1245 1367 1796 1405 rungen Wissmanns über Dr. Peters nicht etwa
1245 1392 1557 1426 nur im Scherz erfolgt sind.
1268 1414 1796 1451 Zeuge Eugen Wolff: Ich habe oft mit Wissmann
1245 1437 1797 1475 über Dr. Peters gesprochen. Auch die Zeugin
1245 1461 1798 1498 Frl. Brunstein fragte mich wiederholt, was es
1246 1483 1797 1522 mit der schlechten Meinung von Wissmann über
1246 1508 1797 1544 Dr. Peters auf sich habe. Ich sagte ihr aber
1246 1530 1797 1570 nichts, weil ich die Sache nicht für die Ohren
1248 1555 1797 1595 junger Lehrerinnen geeignet hielt. Ich kann
1248 1577 1798 1615 nur bestätigen, dass Wissmann äusserst abfällig
1248 1603 1798 1638 über Dr. Peters urteilte. Duzu kommt noch
1248 1626 1798 1664 folgendes: Wissmann soll mit Dr. Peters eines
1250 1649 1798 1686 Abends bei Hiller in Berlin gekneipt haben, bevor
1248 1671 1798 1710 Wissmann zur Audienz zum Kaiser ging. Man
1250 1695 1798 1733 erzählt, dass Wissmann am anderen Morgen nicht
1250 1718 1798 1757 ganz nüchtern war und bei Majestät deshalb
1250 1741 1798 1781 in Ungnade fiel. — Dr. Peters erregt auf-
1250 1765 1798 1804 springend: Das ist eine ganz unverschämte
1250 1788 1801 1828 Erfindung von Eugen Wolf, denn er will doch
1250 1812 1801 1850 damit behaupten, dass sich Wissmann betrunken
1251 1836 1801 1876 gemacht habe, damit er bei Majestät nicht be-
1251 1859 1801 1897 stehen kann. — Vors.: Ich bitte, Herr Doktor,
1251 1883 1801 1921 Sie wollten doch damit nicht sagen, dass der
1253 1905 1802 1946 Zeuge Eugen Wolff die unverschämte Erlindung
1253 1931 1802 1968 gemacht hat. Sie meinten doch, dass er nur eine
1253 1952 1801 1992 Erzählung anderer weiter kolportiert habe. — Dr.
1253 1976 1802 2016 Peters: Ja, aber er sollte sich hüten, derartige
1253 2000 1801 2038 unverschämte Erfindungen anderer zu verbreiten.
1253 2023 1802 2062 Wie würde es Eugen Wolff gefallen, wenn ich kon-
1253 2047 1804 2086 statieren würde, dass Wissmann von ihm immer
1253 2070 1803 2109 nur als dem grössten Rindvieh auf dem Erd-
1253 2093 1804 2134 boden sprechen würde. (Heiterkeit.) — Zeugin
1254 2117 1804 2157 Frl. Brunstein: Ich kann nur sagen, dass Major
1256 2141 1804 2179 V. Wissmann kurz vor seinem Tode als Eugen
1256 2164 1805 2203 Wolf ihn besuchte, ihm entgegenlief und
1256 2188 1806 2229 sagte: Mein lieber alter Kerl. Du bist auch
1257 2212 1805 2250 einer von den wenigen, die zu mir stehen.
1256 2234 1807 2274 Im übrigen muss ich bemerken, dass Major v. Wiss-
1258 2257 1806 2297 mann stets erzählt hat, dass man Neger nur mit
1258 2282 1808 2322 Gerechtigkeit und Milde gewinnen kann.
1258 2305 1809 2345 In Bezug auf Dr. Peters hat Wissmann auch
1258 2329 1809 2369 einmal von Tropenkoller gesprochen. — Zeuge
1259 2353 1809 2393 Eugen Wolff: Mich hat Wissmann gebeten, seine
1539 2376 1809 2411 Das möchte ich doch
1259 2381 1546 2415 Werke herauszugeben. “
1259 2399 1809 2439 hervorheben, nicht das Rindvieh Eugen Wolff
1261 2423 1809 2463 hat er gebeten. (Heiterkeit.) R.-A. Dr. Rosen-
1261 2447 1811 2485 thal: Und den Lumpen Peters ladet er zum
1264 2472 1676 2507 Abendbrot ein. (Erneute Heiterkeit.)
149 1988 676 2023 Nach Eröffnung der Sitzung erschien zu allge-
126 2012 676 2047 meiner Ueberraschung Frau Kolonialdirektor
128 2035 676 2073 Dr. Kayser im Sitzungssaale. Frau Dr. Kayser
128 2059 676 2095 ist eine ältere würdige Dame. Sie erscheint in
128 2082 676 2118 Trauerkleidung. Sie bittet den Vorsitzenden,
128 2106 678 2141 vernommen zu werden, nachdem sie die
128 2129 678 2165 weite Reise von Berlin nach München ge-
129 2153 678 2189 macht hat. Sie habe ein dringendes Interesse
129 2176 678 2212 an der Aufklärung dessen, was hier über ihren
129 2200 678 2236 verstorbenen Mann und über sie selbst gesagt
129 2224 678 2260 worden ist. Nach kurzer Beratung des Gerichts-
129 2248 678 2281 hofes wird in die Vernehmung der Frau Dr.
129 2270 678 2308 Kayser eingetreten. — Der Vorsitzende richtet
130 2294 678 2331 an die Zeugin die Frage, ob sie mit Dr. Peters
130 2318 678 2355 verfeindet sei? — Zeugin Frau Dr. Kayser: Ver-
630 2341 678 2373 be-
348 2342 624 2376 wir waren früher
130 2345 237 2376 feindet?
252 2344 339 2379 Nein
306 2365 678 2400 Dr. Peters: Bevor in die
130 2368 239 2400 freundet.
131 2387 681 2424 Vernehmung der Frau Dr. Kayser weiter-
131 2412 681 2449 gegangen wird, muss ich mitteilen, dass mir
131 2435 681 2471 aus Kassel eine Nachricht zugegangen ist, welche
131 2459 681 2495 bestätigt, dass ich seinerzeit nach dem Diner
131 2482 681 2518 beim Grafen von Hutten-Czapski tatsächlich
131 2507 681 2542 meinen Vortrag über Kolonialpolitik dort gehalten
131 2530 684 2566 habe, während der Zeuge Major Donath hier
131 2554 684 2590 bekanntlich behauptet hat, dass ich aus Angst vor
133 2578 684 2613 ihm dort nicht gesprochen habe. Ich überreiche
133 2600 683 2635 den damaligen Bericht aus der „Kasseler Allge-
134 2624 684 2661 meinen Zeitung“, in welchem der Vortrag genau
134 2648 684 2685 wiedergegeben ist. Dass der Vortrag gehalten
134 2671 684 2707 worden ist, ist demnach dargelegt und Major
134 2694 684 2730 Donath scheint mir deshalb an einer Gedanken-
134 2718 686 2754 koniusion zu leiden. Auf die Frage der Satis-
134 2742 686 2778 faktion, die ja von Major Donath auch in die
134 2765 686 2801 Debatte geworfen ist, werde ich ausserhalb des
135 2790 686 2825 Gerichtssaales antworten. (Grosse Bewegung.)
135 2813 686 2849 Herr Major v. Lengerke würde bestätigen, dass
135 2836 686 2872 alle Herren der Gesellschaft sich zu dem Vor-
135 2860 686 2896 trage begaben und dass niemand etwas davon
135 2884 686 2919 weiss, dass ich auf dem Diner Scheusslichkeiten
135 2908 689 2943 irgendwelcher Art erzählt habe. — Vorsitzender
136 2929 689 2967 Oberlandesgerichtsrat Mayer: Auch ich habe
136 2955 689 2991 einen Stoss Zuschriften erhalten, es ist aber
136 2979 689 3015 keine von allgemeinem Interesse darunter.
182 3001 689 3038 Rechtsanwalt Dr. Bernheim: Auch mir
136 3025 689 3060 sind aus ganz Deutschland Schreiben zu-
136 3049 689 3089 gegangen und ich kann versichern, dass auch
135 675 662 710 In der Auer-Vorstadt, dem Eldorado der
114 697 662 735 Münchener Kaschemmenbrüder und ihrem An-
114 721 662 759 hang, ging es heute seit dem frühen Morgen
114 745 662 781 ausserordentlich lebhaft her. Ein unerforsch-
114 768 662 805 licher Ratschluss der bayerischen Justiz hat
114 790 662 828 es mit sich gebracht, dass hier das Amts-
114 813 662 853 gericht I für Strafsacchen domiziliert, während
114 837 662 876 alle übrigen Gerichte inmitten des Münchener
599 861 662 894 Eine
114 861 608 897 Verkehrszentrums ihren Sitz haben. ——
114 884 662 923 äusserst strenge Kartenkontrolle gestattet nur
116 908 662 944 etwa 100 Personen den Zutritt zu dem Ge-
116 931 664 969 richtsgebäude, in dessen Sitzungssaal sich als-
114 955 664 992 bald wieder eine fürchterliche Temperatur be-
116 979 665 1015 merkbar macht. Man sieht die bekanntesten
117 1002 665 1039 Münchener Persönlichkeiten: die Schriftsteller
117 1024 665 1062 Justizrat Bernstein, Josef Rüderer, Max Halbe,
117 1048 665 1086 Michael Georg Konrad, den „Simplizissimus““
117 1072 665 1110 Zeichner v. Reznizek, die Reichstagsabgeordneten
117 1095 665 1133 Dr. Müller-Meiningen, Frhn. Haller von Haller-
117 1119 665 1158 stein, v. Vollmar, Schriftsteller und Zeichner der
118 1142 665 1181 „Jugend“, der „Fliegenden Blätter“, Ludwig Thoma
118 1166 665 1203 und elegante Damen der ersten Kreise Münchens.
118 1190 665 1226 Kurz vor Beginn der Verhandlung erschien der
118 1213 668 1250 im Mittelpunkt des allgemeinen Interesses stehende
118 1237 668 1273 Privatkläger Dr. Karl Peters im schwarzen
118 1261 668 1297 Schossrock und weisser Weste, das stark ge-
119 1284 668 1320 faltete und von der afrikanischen Sonne ge-
118 1306 668 1344 bräunte Gesicht von einem kleinen weissen Stroh-
119 1330 668 1368 hut überschattet. In seiner Begleitung sah man
119 1354 668 1391 seine beiden vergrämt aussehenden Schwestern, die
120 1377 668 1415 aus Lauterberg a. Harz herbeigeeilt sind, um dem
122 1401 668 1439 Ausgang des Prozesses persönlich beizuwohnen.
122 1425 670 1462 Auch der einzige Bruder von Peters hat sich zu
120 1449 669 1484 der Verhandlung eingefunden. Dr. Peters gegen-
120 1471 670 1508 über nimmt sein Widersacher, Redakteur Martin
122 1495 669 1532 Gruber von der „Münchener Post“, ein wohl-
122 1518 670 1555 genährter behäbiger Oberbayer, im Kreise mehrerer
122 1542 669 1580 Parteigenossen Platz, die mit der stenographi-
122 1565 669 1602 schen Aufnahme der Verhandlungen betraut sind.
123 1589 670 1626 Als letzte Zeugen sind zu heute nur noch ge-
122 1611 670 1649 laden: 1) Major v. Tiedemann aus Lübeck, der
123 1635 671 1672 Peters auf dessen Emin-Pascha-Expedition be-
123 1658 673 1696 gleitete, darüber ein Werk veröffentlichte und
123 1682 673 1717 heute bekunden soll, ob Dr. Peters damals
124 1705 673 1742 Grausamkeiten gegen Schwarze verübt hat, 2) die
124 1729 673 1765 Lehrerin Braunstein, die früher bei Major
124 1752 673 1789 V. Wissmann tätig war und als Zeugin dafür
124 1775 673 1812 benannt ist, dass Wissmann sich abfällig über
125 1800 673 1835 die Taten des Dr. Peters am Kilimandscharo ge-
125 1823 673 1859 äussert haben soll. Auf dem Tische des Vor-
125 1845 673 1883 sitzenden und denen der beiden Verteidiger
125 1869 673 1906 türmen sich Zuschriften aller Art, in denen alte
128 1893 673 1930 Afrikaner, Zugehörige der Schutztruppe, Mit-
126 1916 674 1952 glieder der Emin Pascha- und der Kilimandscharo-
126 1940 674 1979 Expedition ihr Zeugnis anbieten oder Zeugen be-
126 1969 223 1997 nennen.
699 646 1225 681 Es wird dann in der Vernehmung der Frau
677 669 1225 705 Kolonialdirektor Dr. Kayser fortgefahren. Sie er-
677 692 1225 729 klärt: Man hat mich vor der ganzen Welt bloss-
677 716 1225 752 gestellt. Man hat mich als eine minderwertige
677 740 1225 779 Frau hingestellt. Dagegen muss ich protestieren.
687 763 1225 799 — Vors.: Es ist nur behauptet worden, Sie seien
678 786 1225 824 erregt, weil eine rauhe Hand in ihr Familienleben
678 810 1225 847 eingegriffen habe. — Frau Dr. Kayser: Nein, ich bin
678 832 1225 869 durchaus nicht erregt. Ich bin nur erregt über die
678 856 1225 894 frivolen Reizungen des Dr. Arendt. Dr. Arendt hat
680 879 1225 917 meinen Mann schon im Jahre 1894 verfolgt, als
678 903 1227 939 er auf dem Krankenbette lag. Damals hat
680 926 1227 963 Dr. Arendt sich in die Wohnung eingedrängt. Er hatte
680 950 1226 986 sich melden lassen und ich wollte ihn abweisen.
680 973 1227 1011 Er drängte mich aber, er müsse meinen Mann
680 996 1227 1037 sprechen und wollte mich fortschieben. Mein Mann
680 1020 1227 1057 wurde durch den Lärm und die Unruhe erschreckt
680 1044 1226 1081 und liess mich in das Krankenzimmer hinein-
680 1066 1227 1104 kommen und fragte mich was los sei. Als ich
680 1090 1227 1128 ihm mitteilte, dass sich Dr. Arendt habe melden
680 1114 1227 1152 lassen und dass er sich nicht abweisen lasse,
682 1137 1227 1175 sagte er, ich solle ihn einlassen. Ich machte
682 1161 1227 1199 meinen Mann auf den Gegenbefehl des Arztes
681 1184 1227 1221 aufmerksam. Allein Dr. Arendt war inzwischen
681 1208 1227 1245 schon in das Krankenzimmer gekommen.
682 1231 1228 1268 Ich entfernte mich und hörte dann im
682 1254 1227 1292 Nebenzimmer, wie mein Mann immer er-
682 1276 1228 1316 regter sprach und schliesslich laut ausrief:
682 1302 1230 1338 Sie verlassen augenblicklich mein Zimmer und
682 1326 1229 1363 betreten nicht mehr meine Wohnung! Sie unter-
683 1350 1230 1386 stehen sich, mir zu drohen. Machen Sie, dass
683 1373 1230 1410 Sie hinaus kommen und lassen Sie sich niemals
685 1397 1230 1433 wieder bei mir sehen. In dem Tagebuch meines
685 1421 1230 1457 Mannes äussert sich dieser über die Zusammen-
685 1442 1230 1481 kunft dahin: „Dr. Arendt kam zu mir und
685 1465 1230 1504 sagte, Dr. Peters erwarte eine gute Behandlung.
685 1491 1230 1526 Sie wissen, Dr. Peters ist ein hervorragen-
685 1514 1230 1550 der Agitator und verfügt über wichtige,
686 1537 1230 1574 mächtige Freunde. Ich brauche ihnen nicht erst
686 1561 1230 1597 auseinanderzusetzen, was das zu bedeuten hat.
685 1584 1230 1621 Ich befand mich in grösster Erregung und habe
686 1607 1230 1644 es nur mit Rücksicht darauf, dass Dr. Arendt
688 1631 1230 1669 Abgeordneter war, unterlassen, weitere Schritte
688 1655 1233 1691 zu tun“ Frau Dr. Kayser erklärt, dass sie bereit
688 1679 1233 1715 ist, diese Stelle des Tagebuches jederzeit zu be-
688 1701 1233 1738 schwören und bekundet weiter, dass man
688 1725 1233 1762 Dr. Peters zum Gouverneur habe machen wollen.
688 1748 1233 1784 Ihr Mann habe zuerst grosse Sympathien
688 1771 1235 1808 für diesen gehabt, als aber dann der Tuckerbrief
688 1795 1235 1831 zum Vorschein kam, musste er eine andere
688 1819 1234 1856 Stellung ihm gegenüber einnehmen, besonders,
688 1843 1234 1879 als sich herausstellte, dass Dr. Peters den vor-
690 1865 1235 1902 gesetzten Behörden falsch berichtet hatte. Diese
690 1889 1236 1926 Wendung in den Anschauungen meines Mannes
690 1914 1236 1949 über Dr. Peters habe man ihm nicht verzeihen
690 1937 1236 1974 können und insbesondere habe Abg. Dr. Arendt ihn
690 1959 1237 1997 in unerhörtester Weise verfolgt. — Vors.: Wie
690 1982 1237 2020 wurden Ihr Mann und Dr. Arendt verfeindet mit ein-
690 2007 1238 2042 ander? — Frau Dr. Kayser: Von der Szene am
692 2030 1238 2067 Krankenbett an. Die Zeugin liest dann verschiedene
692 2054 1238 2089 Sätze vor aus Briefen ihres Mannes an seinen
693 2078 1238 2115 Onkel, Professor Baron-Bonn. In einem Briefe
693 2101 1238 2137 aus dem Jahre 1896 heisst es: lch möchte
693 2125 1238 2161 Dr. Arendt in seiner ganzen Schuftigkeit dar-
693 2147 1238 2185 stellen. Das Zentrum bleibt auf meiner Seite
694 2171 1238 2208 und auch die Nationalliberalen stehen mir bei,
694 2196 1240 2231 nur die Agrarier treten gegen mich auf.
694 2219 1240 2256 Die Zeugin fährt fort: Mir sind aus ganz Deutsch-
696 2242 1241 2279 land Anerkennungsschreiben zugegangen. Ich
696 2266 1241 2303 bitte, hier einige davon verlesen zu dürfen, die
696 2290 1241 2323 beweisen, dass ich keine minderwertige Frau bin.
706 2314 1241 2350 — R.-A. Rosenthal widerspricht dem, das würde
696 2336 1244 2373 doch zu weit führen. R.-A. Dr. Bernheim: Es
696 2362 1244 2398 sind ja hier schon Glückwunsch-Telegramme ver-
696 2383 1244 2421 lesen worden, als wenn wir nicht im Gerichtsaal,
696 2407 1244 2443 sondern auf einem Hochzeitsdiner wären. (Grosse
696 2431 1244 2467 Heiterkeit). Schliesslich verliest Frau Dr. Kayser
698 2454 1246 2491 ein Schreiben des Historikers Dr. Schiemann, in
698 2478 1246 2515 welchem die Tätigkeit ihres verstorbenen Mannes
698 2502 1246 2538 rühmende Anerkennung findet. — R.-A. Dr. Bern-
698 2525 1246 2562 heim: Dr. Arendt hat noch 1906 im Reichstage
698 2549 1246 2587 behauptet, dass der Kolonialdirektor Dr. Kayser
699 2572 1249 2611 gehen musste, weil er Dr. Peters sein Bild
699 2596 1249 2635 gegeben habe nach Abschluss der Untersuchung
701 2620 1249 2657 gegen ihn. Ich behaupte, das Zitat „Es liebt die
701 2642 1249 2680 Welt das Strahlende zu schwärzen und das Er-
701 2668 1249 2703 habene in den Staub zu ziehen“ ist auf dem
701 2690 1249 2728 Bilde nicht vorhanden, dagegen eine andere In-
701 2714 1249 2752 schrift, die Dr. Peters absolut nicht kennen
701 2737 1251 2775 wollte. Im übrigen handelte es sich nur um eine
701 2761 1251 2800 Gegendedikation des Dr. Kayser für Dr. Peters.
702 2785 1252 2820 — Frau Dr. Kayser: Das stimmt. — Rechtsanw.
701 2808 1252 2844 Dr. Bernheim: Der Bruder des Dr. Schröder-
701 2832 1252 2870 Poggelow, der hier als Zeuge vernommen
704 2856 1254 2891 worden ist, ist wegen grosser Schand-
704 2879 1254 2915 taten in Afrika zu 15 Jahren Zuchthaus ver-
704 2903 1254 2940 urteilt worden. — Rechtsanw. Dr. Rosenthal erhebt
704 2927 1254 2964 erregt Widerspruch, dass das unter Eid abgegebene
704 2950 1254 2988 Zeugnis eines Herrn hier wegen angeblicher
706 2974 1254 3010 Schandtaten eines Verwandten als minderwertig
706 2998 1254 3036 hingestellt werden soll. — R.-A. Dr. Bernheim:
706 3021 1254 3058 Dr. Arendt hut unter Eid behauptet, dass eine
706 3045 1254 3083 solche Sache, wie Sie sie erzählt haben, nie-
405 627 638 661 München, 1. Juli.
205 654 564 684 5. und letzter Verhandlungstag.
218 584 558 634 Der Peters-Prozess.
688 499 1220 554 Montag, den 1. Juli 1907.
140 376 1769 506 III. Beilage der „Berliner Börsen-Zeitung“ No. 302.
1300 388 1323 408 2
