2400 3437
1141 1999 1172 2016 —
557 389 590 423 90
1085 437 1636 481 und an die Bank abgelassen wird. — Silber blieb
1085 466 1461 506 stetig, wobei Indien etwas kaufte.
561 1315 1086 1356 Weizenmehl 00 26,25—28,25. Roggenmehl
536 1340 1086 1378 0 u. 1 25,60 — 27,60. Rüböl Juli 71,8 Gd., Oktober
538 1365 1036 1399 69,2 — 69 — 69,2, Dezember 69 — 68,7 — 68,8 ℳ.
558 1105 1081 1143 Weizenmehl 00 26.25—28,25. Roggen-
533 1127 1081 1167 mehl 0 und 1 25,60— 27,60. Weizenkleie 11,25
533 1153 1019 1191 bis 11,75. Roggenkleie 13,00 — 13,75 ℳ.
1185 2975 1681 3013 Aus Mailand schreibt man uns: Der Banco
1150 2986 1192 3010 —
1126 2999 1681 3037 Commerciale Italo-Brasiliano in Sao
1125 3023 1681 3063 Paulo, welcher im Jahre 1900 von italienischen
1176 1980 1662 2022 Der Auſsichtsrat der Westtälischen
1379 2005 1662 2042 Aktiengesellschaft
1113 2009 1377 2047 Kleinbahnen
1112 2029 1662 2071 schlägt auf Grund des neuesten Rechnungs-Ab-
1112 2053 1662 2094 schlusses für die Lit. A-Aktien 3 ½  Dividende
1113 2077 1662 2118 vor, während die Lit. B-Aktien wieder unver-
1113 2107 1268 2140 zinst bleiben.
558 1174 1084 1215 Mittagsbörse: Weizen Juli 206 ¼ bis 207,
534 1199 1084 1239 September 198 3/4—19994, Oktober 199 1⁄4 — 200 bis
536 1222 1084 1261 199 ¼, Dezember 1991/1— 200 — 1993¾¼. Roggen
534 1245 1084 1285 Juli 202 1/4 — 203 1¼. September 17912 — 179 14 bis
537 1269 1084 1308 180 ¼, Oktober 178 ⁄4 — 178—179. Dezember 177 1¼
536 1295 927 1333 bis 178 ¼. Hafer Juli 19034—191.
1184 2599 1673 2638 Bei der vorgestrigen Meldung von einer
1122 2621 1676 2661 Niederlassung der Deutschen Bank in
1122 2644 1676 2685 Deuben handelt es sich nicht um eine Filiale,
1122 2671 1676 2709 sondern um die Errichtung einer Depositenkasse,
1122 2693 1676 2732 die von der Dresdener Filiale der Deutschen
1122 2721 1319 2755 Bank ressortiert.
1744 2543 2241 2582 Wie uns die Verwaltung der Vereinigten
1714 2554 1749 2578 —
1693 2567 2242 2606 Königs- und Laurahütte mitteilt, ist die
1691 2590 2242 2629 Nachricht der „Frki. Ztg.“, dass der Geheime
1690 2614 2243 2654 Bergrat Hilger in die Firma Gebrüder Stumm in
1693 2637 2245 2677 Neunkirchen als General-Direktor und Teilhaber
1694 2663 2157 2702 einzutreten beabsichtige, nicht zutreffend.
561 1387 1086 1425 Preise um 21½ Uhr (nichtamtlich): Weizen
538 1411 1086 1450 Juli 207. September 199 ¾, Oktober 199 ¾, De-
538 1435 1086 1473 zember 199 ¾. Roggen Juli 20312, September
538 1457 1011 1497 180 ¾, Oktober 179. Dezember 178.
1002 1459 1086 1490 Hater
538 1481 1086 1521 Juli 191, September 162, Oktober 161 ¾,
539 1504 1086 1543 Mais Juli 144 1/⁄2, September 141 /½. Mehl Juli
538 1528 1086 1567 26, September 23,80, Oktober 23,75. Rüböl loko
539 1552 1060 1592 72, Juli 71,8, Oktober 69,2, Dezember 68,9 ℳ.
1181 2750 1676 2790 Der bisherige Leiter der Filiale Stettin der
1148 2762 1189 2786 —
1125 2775 1676 2814 Bank für Handel und Industrie
1125 2800 1678 2836 (Darmstädter Bank), Herr Dr. jur. Timon von
1125 2823 1678 2862 Renthe gen. Fink, ist neben Herrn Herrmann
1126 2846 1678 2884 Arnhold zum Vorteher der Filiale Halle a. S. er-
1125 2869 1678 2907 nannt worden; Herr Bodo Krippendorf, bisher
1126 2893 1678 2931 Vorstandsmitglied der Filiale Halle a. S. tritt ab
1126 2915 1678 2954 1. Juli neben Herrn Gustav Kubale in die Leitung
1125 2943 1383 2979 der Filiale Stettin ein.
520 449 1070 490 Frage nach Herbst -Lieferung. Roggen war
520 473 1070 514 infolge der Witterung per Juli zu anziehen-
521 497 1070 536 den Preisen in Deckung begehrt und stieg
521 520 1070 559 bis 1 ¾, per Herbst 1 1½ ℳ. Das Warengeschäft
522 544 1070 584 bleibt ruhig, an der Elbe hat sich der Absatz etwas
524 567 1073 608 gebessert. Hafer loko, wie immer am Montag, in
525 591 1073 630 etwas lebhafterem Umsatz, aber nicht in besserer
525 614 1073 652 Tendenz. Juli in Deckung begehrt und höher,
525 638 1073 675 da die Andienungen sofort Aufnahme fanden.
525 659 1073 700 September behauptet. Mais ruhig, auch Mehl
944 682 1073 716 Rüböl in
525 686 929 723 bei eher festerer Tendenz still.
526 713 716 746 stillem Verkehr.
1749 2708 2246 2748 Ueber die Lage des Trägermarktes
1716 2719 1757 2743 —
1693 2733 2246 2772 schreibt die „Schles. Ztg.“: Von der abwartenden
1696 2755 2247 2794 Haltung des Marktes, deren Verschärfung und
1694 2779 2246 2817 den widersprechenden Urteilen über die Kon-
1696 2801 2248 2844 junktur ist bereits seit Mitte Mai die Rede, und
1696 2828 2247 2866 trotzdem muss immer und immer wieder zu-
1696 2849 2248 2892 gegeben werden, dass der Abruf ungeachtet der
1696 2873 2248 2912 schwächeren Haltung des Baumarktes kein Nach-
1696 2896 2249 2937 lassen zeigt. Man bezeichnet das Geschäft als
1696 2920 2251 2961 leblos, da es mit Sichtkäufen völlig ruhig
1696 2945 2251 2984 geworden sei, und in demselben Atemzuge wird
1696 2968 2249 3008 über enorm lange Lieferfristen und über schlechte
1696 2992 2249 3031 Sortierung der Grosshandelsstapelläger geklagt.
1698 3016 2249 3058 Die Engagements in Träger- und Formeisen
1719 1033 2212 1074 Die Allgemeine Deuutsche Credit-
1686 1045 1726 1070 —
1664 1057 2213 1096 anstalt in Leipzig gibt durch ein Rund-
1664 1081 2216 1120 schreiben bekannt, dass die Geschäfte der Firma
1665 1105 2216 1144 Ferdinand Heyne in Glauchau auf die in
1665 1127 2216 1167 Glauchau unter der Firma Allgemeine
1665 1151 2216 1191 Deutsche Credit-Anstalt Abteilung Fer-
1666 1173 2216 1215 dinand Heyne neuerrichtete Filiale über-
1666 1197 2217 1240 gehen. Herr Carl Heyne in Glauchau,
1666 1221 2217 1262 der in die Dienste der Creditanstalt getreten ist,
1667 1244 2217 1285 wird in Gemeinschaft mit Herrn Paul Gebhardt,
1668 1268 2217 1310 seitherigem Prokuristen der Chemnitzer Nieder-
1669 1292 2217 1333 lassung, die Leitung der Glauchauer Filiale über-
1670 1315 2218 1356 nehmen. Genanntem Herrn ist Prokura erteilt,
1670 1339 2219 1378 ebenso dem seitherigen langjährigen Prokuristen
1670 1363 2219 1402 der Firma Ferdinand Heyne, Herrn Georg Fester.
551 731 1076 769 Die amtlich festgestellten Preise waren am
527 753 1076 793 Frühmarkt: Weizen inländischer 206 —208 ab
528 777 1076 818 Bahn, Roggen, inländischer 201 — 202 ab Bahn,
530 802 1076 841 Haler, märkischer, mecklenburgischer, pom-
531 823 1076 865 merscher, preussischer, posenscher und schlesi-
531 847 1076 888 scher lein 201 bis 209, mittel 194 bis 200,
531 871 1076 913 gering 189 bis 193 ab Bahn und frei Wagen.
532 895 1078 936 Mais, amerikanischer mixed prima 169 bis
532 919 1078 957 173, abfallender 150 bis 163, runder guter
533 940 1078 982 159—163, abfallender 150—159 frei Wagen.
532 964 1078 1004 Gerste, inländische Futtergerste mittel und
532 988 1078 1028 gering 170—176, gute 178—193, russische und
532 1011 1078 1051 Donau leichte 161—167 ab Bahn und frei Wagen.
532 1035 1078 1075 Erbsen, inländische und ausländische Futter-
533 1059 1081 1096 ware mittel 169—179, feine und Taubenerbsen
534 1084 925 1119 180—196 ab Bahn und frei Wagen.
1178 2135 1662 2174 in der vorgestrigen Generalversammlung
1138 2149 1172 2172 —
1114 2159 1665 2199 der Salzburger Eisenbahn- und Tram-
1115 2183 1665 2222 way- Gesellschaft wurde die sofort
1115 2206 1665 2246 zahlbare Dividende pro 1906 mit 31/½ % be-
1114 2230 1665 2270 schlossen, den Verwaltungsorganen Decharge
1116 2253 1668 2292 erteilt und die ausscheidenden Mitglieder des
1116 2277 1668 2316 Verwaltungsrates wiedergewählt. Die Fortsetzung
1115 2301 1668 2338 der Strecke Salzburg—Drachenloch bis zur
1117 2323 1668 2362 Landesgrenze behufs Anschluss an die Baye-
1117 2348 1668 2386 rische Staatsbahn, welche ihrerseits von Berchtes-
1117 2371 1668 2412 gaden den direkten Verkehr nach Salzburg an-
1118 2395 1670 2434 strebt, ist auf beiden Seiten soweit fertig-
1118 2416 1670 2456 gestellt, dass Ende August voraussichtlich die
1120 2441 1670 2480 Eröffnung der ganzen Strecke, wenn auch zu-
1120 2463 1670 2503 nächst nur mit Dampfbetrieb stattlinden wird.
1120 2487 1672 2527 Die in Aussicht genommene Umwandlung in den
1120 2510 1672 2550 elektrischen Betrieb der ganzen Strecke Salz-
1120 2533 1670 2575 burg— Berchtesgaden dürfte mit Beginn der Reise-
1120 2560 1460 2598 saison 1908 fertiggestellt sein.
1653 429 2204 470 Kapitalisten gegründet wurde, hat im September
1653 453 2205 493 1906 sein Aktienkapital von 2 Millionen Contos
1653 477 2205 516 de Reis auf 5 Millionen erhöht, wobei die Banca
1654 501 2205 540 Commerciale Italiana in Mailand von den darnach
1653 524 2206 561 total 25 000 Aktien zu je 200 Contos 14 300
1656 547 2205 588 Stück übernahm. Der Bericht des Verwaltungs-
1656 571 2206 609 rats über das Geschäftsjahr 1906 konstatiert, dass
1656 595 2206 634 die Zunahme der Geschäfte nach der Kapital-
1656 617 2206 657 erhöhung alle Erwartungen übertroffen und für
1656 640 2206 680 das Gesamtjahr sich mehr als verdoppelt habe.
1656 663 2206 705 Zu den bestehenden Filialen in Santos, Botu-
1656 686 2209 727 catu, S. Carlos do Pinhal und Riberao
1658 709 2209 751 Preto hat die Bank weitere Filialen in
1658 731 2210 774 Rio de Janeiro und Espirito Santo do Pin-
1658 757 2210 798 hal gefügt und sich an der Gründung der
1934 781 2210 816 Società Commerciale
1658 785 1921 820 Industriegesellschaften
1658 803 2210 843 ltalo-Brasiliana, Società di Cimento, Companhia
1659 829 2209 867 Refinadora, Società Tecelagem de Seda u. a. be-
1658 850 2207 891 teiligt. Der Reingewinn beläuft sich auf 435 600
1659 874 2206 914 Contos, von dem eine Dividende von 10  auf
1659 897 2206 938 2 Millionen Contos altes Aktienkapital zur Ver-
1659 921 2211 962 teilung kommt, 235 600 Contos werden zu Ab-
1661 944 2212 986 schreibungen, Steuern und Gratifikationen ver-
1661 967 2214 1009 wendet. Die Reserve stieg von 400 000 Contos
1661 998 1905 1033 auf 1 Million Contos.
1144 496 1636 537 Wie wir kürzlich mitgeteilt haben, hat die
1109 513 1153 535 —
1088 520 1638 561 Frankfurter Bank die Zulassung weiterer 3 Mill.
1088 545 1638 585 Mark 4 % Frankfurter Stadtanleihe von
1089 568 1638 608 1906 zur Frankfurter Börse beantragt. Bekannt-
1088 590 1638 634 lich wurde die Stadt Frankfurt im Januar 1906
1088 614 1638 656 zur Ausgabe einer Anleihe von insgesamt 27 Mill.
1089 639 1638 680 Mark ermächtigt, eingeteilt in drei Abteilungen
1090 662 1638 703 von je 9 Mill. Mark. Davon wurde damals ein
1090 685 1638 726 Teilbetrag der ersten Abteilung in 3½ Sigen Titres
1090 709 1638 748 nach Paris begeben. Im Januar d. J. wurden die
1090 731 1638 771 beiden ersten Abteilungen von insgesamt 18 Mill.
1090 755 1641 795 Mark in 31/2 b Obligationen auch an der Frankfurter
1090 778 1641 818 Börse eingeführt. Inzwischen aber haben sich
1093 802 1641 842 die Verhältnisse des Anlagemarktes derart ver-
1093 825 1641 867 ändert, dass der Verkauf 3½ ϑ Titres sich als
1093 848 1641 890 schwierig erwies. Infolgedessen hat die Stadt
1093 872 1641 913 Frankfurt bereits im März d. J. die letzte Ab-
1094 895 1644 937 teilung der obigen Anleihe von Mark 9 Millionen
1094 919 1644 961 in 4 % Titres zur Emission gebracht, und jetzt ist
1095 943 1644 985 sie, wie die „Frkft. Ztg.“ erfährt, dazu über-
1096 965 1644 1009 gegangen, an Stelle des noch unverkauften Restes
1096 991 1646 1029 der beiden ersten 31½ ϑ Abteilungen neue
1097 1012 1646 1054 4 % Obligationen im Betrage von 3 Millionen
1097 1037 1646 1077 auszugeben, die vor kurzem von einem Frank-
1098 1060 1646 1101 furt-Berliner Konsortium übernommen worden
1098 1084 1646 1124 sind. Auf diesen Posten bezieht sich jetzt der
1098 1108 1543 1149 Zulassungsantrag der Frankfurter Bank.
1154 1139 1648 1182 Die Generalversammlung der Gotthard-
1122 1156 1162 1179 —
1098 1167 1649 1207 bahn-Gesellschaft vom 29. Juni, über deren
1098 1190 1649 1231 Beschlüsse telegraphisch bereits berichtet worden,
1100 1214 1649 1256 genehmigte den Geschäftsbericht und die Jahres-
1100 1235 1649 1278 rechnung, setzte die Gesamtdividende auf 7,40
1100 1259 1649 1302 oder 37 Fr. per Aktie fest und wies den Sub-
1100 1283 1649 1324 ventionsstaaten die Summe von 200 000 Fr. zu.
1101 1307 1652 1348 Die ausscheidenden Mitglieder des Verwaltungs-
1101 1330 1652 1371 rates wurden wiedergewählt und anstelle
1101 1354 1652 1395 der verstorbenen Herren als Bundesrat Oberst
1101 1378 1652 1419 Hammer und Kommandeur Bassi wurden
1102 1401 1652 1441 als neue Mitglieder gewählt: die Herren
1104 1424 1652 1467 Bankpräsident J. Blankart in Lugano und Komman-
1104 1448 1652 1489 deur Mangili Cesare in Mailand. Sodann wurde
1104 1473 1652 1512 als Präsident des Verwaltungsrates für eine neue
1104 1495 1654 1536 Amtsdauer bestätigt: Herr Ingenieur Roman Abt
1104 1519 1654 1558 in Luzern. Die Kontrollstelle wurde wie folgt
1104 1541 1654 1582 bestellt: Als Mitglieder: Die Herren Bank-
1104 1565 1654 1606 direktor Morel-Vischer in Basel, Regierungs-
1106 1588 1654 1629 rat Schmid in Luzern und Direktor Knüsli
1104 1613 1657 1653 in Winterthur. Als Ersatzmänner: die Herren
1106 1636 1657 1678 Regierungsrat Ringier in Aarau, Regierungs-
1106 1660 1657 1699 rat Bleuler in Zürich und August Huber,
1107 1683 1657 1724 Mitglied der Revisionskommission der schweiz.
1107 1707 1657 1748 Nationalbank in Zürich. Nach der Generalver-
1109 1730 1658 1770 sammlung hielt der Verwaltungsrat eine Sitzung.
1109 1754 1658 1795 Dieserbestätigte für eine neue Amtsdauer: den Vize-
1109 1777 1659 1818 präsidenten des Verwaltungsrates Herrn Ständerat
1109 1802 1660 1840 Isler in Aarau; den Sekretär des Verwaltungsrates
1109 1825 1660 1863 Herrn Dr. Reinhold Furrer; die Mitglieder der
1110 1847 1660 1887 Direktion Herren Dietler, Schrafl und Dr. Stoffel;
1110 1871 1661 1910 den Präsidenten der Direktion Herrn Dr. Sev.
1109 1894 1662 1934 Stoffel und den Vizepräsidenten der Direktion
1109 1918 1662 1958 Herrn H. Dietler und den Chef des Bureaus der
1112 1943 1565 1981 Rechnungsrevision Herrn Albert Furrer.
1726 1398 2219 1437 Heute liegen die Bekanntmachungen des
1695 1411 1735 1434 —
1672 1421 2221 1462 Marienburger Amtsgerichts betreffs der Konkurs-
1672 1444 2221 1485 eröffnungen über die Marienburger Privat-
1672 1467 2223 1508 bank und über das Vermögen des persönlich
1672 1491 2223 1533 haftenden Gesellschafters Rudolf Woelke
1673 1515 2223 1556 vor. Wir verweisen dieserhalb auf den In-
1672 1538 2223 1579 seratenteil. Die „Marienb. Ztg.“ macht über
1672 1563 2222 1603 die Angelegenheit noch folgende Mitteilungen.
1672 1586 2222 1627 Seit dem Tode des Kommanditisten Her-
1673 1607 2224 1650 mann Woelke war jetzt Rudolf Woelke
1674 1633 2225 1675 alleiniger persönlich haftender Gesellschafter der
1674 1655 2225 1696 Bank mit 300 000 ℳ Kommanditkapital. Rud.
1674 1679 2225 1720 Woelke galt stets als gut situiert und durch den
1674 1702 2227 1743 Tod seines Bruders, vor etwa Jahresfrist, dürfte
1674 1726 2227 1767 ihm noch ein ziemlich erhebliches Vermögen
1674 1749 2228 1792 zugeflossen sein. Der Umsatz der Firma war
1676 1772 2228 1814 ein sehr ausgedehnter. Die Bank hatte bis
1676 1795 2229 1838 heute namentlich in ländlichen Kreisen und
1677 1819 2229 1861 auch bei den kleinen Leuten in der Stadt das
1677 1843 2229 1885 vollste Vertrauen, während man in kaufmänni-
1677 1867 2230 1909 schen Kreisen anfing, das Unternehmen als
1677 1889 2229 1932 wenig vertrauenerweckend zu betrachten, da das
1680 1913 2229 1956 Aktienkapital von 300 000 ℳ und die Depo-
1678 1937 2229 1978 siten von 5 ½ Millionen (nach dem letzten Aus-
1678 1960 2230 2004 weis) in gar keinem Verhältnis zu einander stehen.
1680 1983 2231 2026 Für die Abwickelung des Konkurses ist die
1680 2007 2230 2048 augenblickliche Zeit die denkbar ungünstigste.
1680 2032 2233 2073 Schon die Realisierung der Effekten wird einen
1680 2055 2233 2098 grossen Posten der Spareinlagen ungedeckt lassen
1682 2078 2233 2119 und die Abwickelung der Wechselverbindlich-
1682 2103 2233 2143 keiten wird ebenfalls viele Ausfälle bringen.
1683 2126 2234 2167 Der Konkurs der Bank wird weiteste Kreise
1683 2149 2234 2190 ziehen. Soviel steht fest, dass manche Privat-
1683 2171 2235 2214 kapitalisten ihr ganzes Vermögen dort angelegt
1684 2197 2235 2236 haben. — Weiter meidet man der „Danz. Ztg.“:
1684 2221 2235 2260 Die Aufsichtsratsmitglieder und Rechnungsprüfer
1684 2242 2235 2284 der Gesellschaft sind mehr oder weniger mit Ein-
1684 2266 2236 2308 lagen benachteiligt, auch Konkursmassen sollen
1685 2290 2237 2331 bei ihr hinterlegt sein. Die Rauchsche Stiftung
1685 2314 2237 2355 zur Errichtung eines Waisenhauses, welche vor
1685 2337 2237 2378 etwa 20 Jahren gemacht und von W. als Mit-
1685 2360 2239 2402 kurator verwaltet wurde und mit Zins auf Zins
1686 2384 2240 2425 auf einige 100 000 ℳ angewachsen ist, liegt auch
1686 2408 2240 2448 dort; wieweit dieses Geld vorhanden, ist noch
1688 2431 2241 2472 nicht festgestellt, auch soll die Stadt die durch
1688 2455 2241 2496 die verkrachte Bank vermittelte und noch nicht
1689 2479 2241 2518 voll abgehobene Anleihe von ca. 1 Million mit
1689 2503 2241 2542 einigen 100 000 ℳ bei derselben hinterlegt haben.
597 1598 1089 1636 Vom Londoner Geldmarkt wird uns
566 1607 604 1635 —
539 1622 1089 1660 unterm 29. v. M. geschrieben: Der New-Yorker
540 1646 1089 1686 Sterlingkurs ist stark zurückgegangen und notiert
540 1670 1089 1707 nur noch 4.86.65 gegen 4.87.40 in der Vorwoche.
542 1693 1089 1731 Da sind nutzbringende Goldexporte von New-York
542 1715 1092 1755 nach London vollkommen ausgeschlossen. Wenn
542 1739 1092 1779 trotzdem Gold von dort hereinkommt, so handelt es
542 1763 1092 1802 sich um früher getroffene Arrangements, die über-
543 1786 1092 1826 dies erst durch die Gewährung zinsfreier Vor-
543 1809 1092 1849 schüsse seitens der Bank von England während des
1040 1833 1094 1866 Auf
543 1834 1029 1876 Transportes ermöglicht worden sind.
858 1857 1035 1891 Gold-Einfuhr
1041 1857 1094 1888 von
543 1861 843 1896 eine Fortdauer dieser
860 1879 1093 1915 nicht zu rechnen,
543 1885 859 1921 New -York ist daher
544 1904 1094 1942 zumal da die Bank von England keine weiteren
544 1927 1094 1965 Vorschüsse der erwähnten Art gewährt. Geld
543 1949 1094 1990 ist gleichzeitig in New-York teurer geworden und
544 1975 1094 2013 bis zu 9 S für tägliche Darlehen hinaufgegangen.
544 1997 1094 2036 Der Schatzsekretär hat bekanntlich 30 Millionen
544 2021 1094 2060 Dollars Staatsdepositen von den amerikanischen
544 2045 1094 2084 Banken einberuten, und hierfür haben in der
544 2067 1095 2109 Hauptsache die Vereinigten New-Yorker Banken
545 2091 1097 2132 Vorsorge zu treffen. Allerdings ist dieses Geld
545 2114 1097 2155 für die Einlösung vierprozentiger Staatsschuld-
545 2138 1097 2178 verschreibungen vom ersten Juli an bestimmt,
545 2162 1097 2200 aber die Einlösung selbst kann sich über Wochen
545 2186 1097 2226 hinziehen, so dass auch dies Geld erst langsam
545 2210 1097 2248 wieder dem Markte zufliessen würde. Ausserdem
546 2231 1099 2272 kommt bald der Geldbedarf für die Ernte in Be-
546 2255 1097 2296 tracht. Höchstens also läge die Möglichkeit
546 2279 1100 2320 späterer Goldexporte nach New-York vor, auf
549 2301 1100 2342 keinen Fall mehr die gegenteilige Eventualität.
549 2326 1100 2366 Die Bank von England hat daher allen Grund,
549 2349 1100 2389 sich weiterhin zu stärken, selbst wenn die eng-
549 2372 1100 2413 lische Ernte nicht so gut ausfällt wie im Vor-
549 2396 1100 2438 jahre, und also in diesem Jahre während der
550 2419 1100 2460 nächsten fünf Wochen keinen so grossen Geld-
550 2443 1100 2482 bedarf in der Provinz hervorriefe. Das Zentral-
550 2467 1100 2508 institut ist ja auch noch von auswärts un-
550 2491 1100 2533 gewöhnlich stark in Anspruch genommen.
550 2513 1102 2554 Zwar glaubt man, dass die direkten Goldver-
551 2536 1102 2577 schiffungen nach Egypten ihr Ende erreicht
551 2560 1103 2600 haben, aber in Konstantinopel muss von hier aus
551 2583 1103 2624 die Lücke im Goldvorrat ausgefüllt werden, die
552 2606 1105 2648 durch die Verschiffungen von Konstantinopel
552 2630 1105 2672 nach Egypten gerissen wurde. Ferner dürfte die
554 2654 1105 2696 egyptische Baumwollernte sehr reich ausfallen,
552 2677 1105 2719 sodass Egypten für diesen Zweck alles Gold
554 2701 1105 2740 wird brauchen können. Es kommen die Be-
552 2723 1105 2763 dürfnisse Brasiliens (siehe die Anleihe von
552 2746 1105 2787 3 Mill. Lstrl. für Sao Paulo) und der übliche
554 2770 1105 2812 Herbstbedarf Südafrikas hinzu, wogegen es noch
554 2795 1108 2835 nicht sicher ist, wie sich das Produktionsquantum
554 2818 1108 2859 der dortigen Goldindustrie beim Abzug der Chinesen
554 2841 1108 2886 gestalten wird. Unter diesen Umständen ist es mit Ge-
554 2864 1108 2907 nugtuungzu begrüssen, dass die Bank von Frankreich
555 2888 1108 2929 nicht mehr Mitbewerberin um das freihändige
555 2912 1108 2953 Barrengold auf dem hiesigen Platze ist und dass
555 2935 1110 2978 infolgedessen die Bank von England die jetzt
555 2959 1110 3002 fälligen grösseren Goldimporte aus goldproduzieren-
556 2983 1110 3024 den Ländern zum grössten Teil für sich ge-
556 3007 1110 3045 winnen dürfte; terner, dass aus der indischen
557 3031 1110 3075 Währungsreserve fortgesetzt Gold herausgegeben
2085 363 2164 396 1907
1122 373 1596 415 Berliner Börsen-Zeitung No. 302.
