2400 3434
1779 3002 2277 3037 Die Waaren-Liquidations-Casse
1746 3008 1786 3033 —
1722 3024 2277 3061 in Hamburg verbuchte im ersten Halbjahr
1722 3049 2277 3085 laufenden Jahres an Terminkontrakten in Kaffee
1752 640 2252 678 Der Grubenvorstand der Gewerkschaft
1721 653 1760 675 —
1696 667 2252 703 Carlsfund in Magdeburg hat beschlossen, eine
1696 688 2253 727 Ausbeute von 150 ℳ auf den Kux für das
1696 711 2254 750 2. Vierteljahr zu verteilen. Insgesamt sind in
1698 736 2214 775 diesem Jahre bis jetzt 300 ℳ gezahlt worden.
1216 2935 1705 2970 Die Westfälischen Kupfer- und
1157 2957 1705 2997 Messingwerke vorm. Caspar Noell in
1157 2982 1705 3018 Lüdenscheid haben, wie wir von unter-
1157 3005 1708 3042 richteter Seite hören, auch im zweiten Halbjahr
1157 3029 1707 3066 die gleich günstigen Resultate erzielt, die dem
1157 3052 1707 3094 ersten Semester gegen den gleichen Zeitraum
1693 467 2247 507 des Vorjahres erhöhten Reingewinn erbrachten. Im
1693 489 2248 529 Hinblick auf das günstige Gesamtergebniss wird
1693 513 2247 553 die Verwaltung in der Lage sein, den Dividenden-
1694 537 2247 577 vorschlag um einige Prozent erhöhen zu können.
1694 560 2249 598 Für das neue Geschäftsjahr liegt ein für mehrere
1696 583 2251 622 Monate starke Beschäftigung gewährleistender
1696 611 1929 647 Auftragsbestand vor.
558 480 1110 517 In Klasse III erhielt „Tai Peng“ den ersten Preis
560 505 1110 538 und in Klasse IV „Glückauf“. Um den zweiten
560 529 1110 562 Preis ergab sich ein totes Rennen zwischen „Isa“
561 551 1110 586 und „Ette II“, „Skeat“ hatte das Rennen aufge-
562 574 1110 609 geben. — Heute nachmittag trafen der Kriegsminister
562 599 1110 632 Generalleutnant von Einem und der Stellvertreter
562 621 1110 655 des Chefs des Zivilkabinetts von Eisenhardt-Rothe
562 645 1110 681 hier ein und begaben sich an Bord der „Hohen-
563 670 668 702 zollern“.
1773 2636 2273 2673 In der vorgestern in Hannover abgehaltenen
1745 2646 1780 2670 —
1720 2660 2272 2697 ordentlichen Generalversammlung der Gebr.
1720 2684 2273 2721 Körting Aktiengesellschaft in Linden
1720 2708 2273 2743 bei Hannover, in welcher ein Aktienkapital von
1720 2732 2273 2767 9 803 000 ℳ mit 9803 Stimmen vertreten war,
1720 2755 2273 2791 wurde der Geschäftsbericht für das am 31. De-
1720 2779 2275 2813 zember 1906 abgelaufene Geschäftsjahr, sowie
1720 2802 2276 2837 die Bilanz und Gewinn- und Verlustrechnung und
1720 2826 2276 2861 der Bericht der Revisoren vorgelegt und ein-
1722 2849 2276 2884 stimmig genehmigt, auch dem Vorstand und dem
1722 2873 2276 2908 Aufsichtsrat Entlastung erteilt. Die Dividende
1722 2897 2277 2931 wurde dem Antrage der Verwaltung entsprechend
1722 2921 2276 2956 auf 5 % festgesetzt. Zu Revisoren wurden die-
1722 2944 2278 2979 selben Herren, welche dies Amt bisher ausgeübt
1722 2968 1976 3003 haben, wiedergewählt.
641 2212 1131 2250 Dem Bericht des Vorstandes der Bergbau-
610 2223 650 2246 —
587 2238 1132 2275 Aktien-Gesellschaft Friedrichssegen
586 2261 1132 2298 entnehmen wir folgende Mitteilungen: in dem am
585 2283 1132 2321 31. März cr. abgelaufenen Geschäftsjahre hat die
586 2307 1132 2345 Gesellschaft durch den Erwerb des der Werlauer
586 2330 1133 2369 Gewerkschaft gehörigen Zink- und Bleierz-Berg-
586 2354 1134 2393 werkes „Gute Hoffnung“ eine wertvolle Ausdeh-
585 2377 1134 2416 nung erfahren. Der Kauſpreis der Crube beträgt
585 2401 1134 2438 2 Millionen Mark, der durch Erhöhung des
587 2424 1134 2465 Aktienkapitales um 1 400 000 ℳ auf 4 000 000
830 2449 1134 2483 Aufnahme eines hypo-
586 2453 817 2485 Mark und durch
586 2469 1134 2509 thekarisch sichergestellten Kredits in Höhe von
587 2495 1134 2533 500 000 ℳ Deckung findet. Der Erlös der an
587 2519 1134 2557 ein Konsortium begebenen 1 400 000 ℳ junger
587 2541 1134 2581 Aktien betrug 1 542 467 ℳ und fliessen 87 973 ℳ
587 2565 1134 2604 unter Abzug der entstandenen Spesen dem Re-
586 2588 1134 2628 servelonds zu. Das neue Bergwerksobjekt bildet
586 2612 1134 2652 infolge der Regelmässigkeit seines Erzvor-
587 2636 1134 2674 kommens auf lange Erstreckungen für die zu-
587 2659 1134 2699 künftige Entwicklung der Bergbau-Aktiengesell-
587 2683 1134 2723 schaft Friedrichssegen sowie deren Lebensdauer
587 2706 1137 2746 einen absolut zuverlässigen Faktor. Die derzeitige
587 2730 1137 2769 monatliche Produktion dieser Grube von rund
590 2753 1137 2793 350 000 kg Zinkblende und 45 000 kg Bleiglanz
587 2777 1137 2817 ist nach Durchführung der bereits in Ausführung
587 2801 1137 2842 begriffenen Erweiterungsanlagen erheblich steige-
588 2825 1137 2865 rungsfähig und dürfte im Herbst des laufenden
588 2848 1137 2887 Kalenderjahres zunächst eine Verdoppelung er-
588 2870 1137 2911 fahren. Der Umstand, die Produktion der Grube
588 2893 1137 2935 auf Grund der günstigen inneren Verhältnisse
588 2918 1137 2959 noch weiter steigern zu können, gelangt zu seiner
588 2940 1140 2983 vollen Bedeutung, sobald das Zinkhüttenprojekt
590 2965 1139 3006 zur Ausführung gelangt sein wird. Für den be-
590 2987 1139 3029 absichtigten Zinkhüttenbau sind, wie bekannt,
590 3011 1139 3054 die nötigen Mittel durch Aufnahme einer Hypo-
591 3034 1140 3076 thekar- oder Obligationsanleihe oder Bankkredit
590 3058 1139 3102 bis zum Betrage von 2 Mill. Mark ebenfalls be-
1752 776 2252 813 In der vorgestern abgehaltenen Generalver-
1721 785 1761 811 —
1698 797 2252 838 sammlung der Kaliwerke Friedrichskall-
1701 824 2253 861 Aktiengesellschaft war ein Kapital von
1698 847 2253 883 4 904 000 ℳ vertreten. Die Ausführungen des
1698 870 2253 907 Vorsitzenden gipfelten darin, dass die Gesellschaft,
1698 894 2253 931 nach den vorliegenden Aufschlüssen zu urteilen,
1700 916 2252 954 über ein Kalilager verlüge, das ihr eine Förder-
1700 940 2253 978 tätigkeit auf sechs Jahre gewährleiste. Da inner-
1700 963 2253 1002 halb dieser sechs Jahre weitere Aufschlüsse
1700 987 2253 1026 getätigt werden können, so sei nicht zu zweifeln,
1701 1010 2254 1047 dass die Gesellschaft prosperieren könne. Zur
1701 1032 2255 1070 Zeit verlüge sie über einen Vorrat von 80 000
1702 1056 2254 1097 Doppel-Zentner Salz, das teils direkt verkaufsfähig,
1702 1081 2255 1118 teils fabrikmässig zum Verkauf hergestellt werden
1702 1104 2255 1141 müsse. Die Fabrik dürfte allerdings erst in drei
1703 1128 2257 1164 Wochen betriebsfähig sein. Wegen Abnahme der
1704 1149 2257 1189 obengenannten Menge schweben zur Zeit
1704 1173 2255 1212 Verhandlungen mit dem Syndikat. Dieses habe
2001 1197 2257 1232 Werkes vornehmen
1704 1201 2009 1236 eine Befahrung des
1704 1221 2257 1259 wollen, was die Verwaltung abgelehnt habe.
1704 1243 2259 1281 der Gesellschaft sei ein Bankkredit von 2 000 000
1704 1267 2258 1304 Mark von Banken fest bewilligt, die naturgemäss
1706 1290 2259 1328 durch Aufnahme von Obligationen beseitigt
1704 1315 2259 1352 werden müsse. Dezu würde erst eine günstigere
1706 1339 2259 1375 Situation auf dem Geldmarkte abgewartet werden
1706 1360 2260 1399 müssen. Von dem Kredit ständen noch 850 000
1706 1383 2261 1423 Mark zur Verlügung. Hiervon seien 150 000 ℳ
1706 1406 2260 1446 an die Siemens-Schuckert-Werke G. m. b. H.
1707 1431 2261 1469 abzuführen, 200 000 ℳ für den Ausbau der
1707 1454 2260 1491 Fabrik noch zu verwenden, so, dass noch ein
1708 1479 2260 1515 Guthaben von 500 000 ℳ verbleibe. Nach längeren
1709 1501 2260 1539 Debatten wurde der Jahresabschluss für 1906,
1709 1525 2261 1563 der eine Unterbilanz von 549 992 ℳ ausweist,
1709 1549 2261 1589 genehmigt und Entlastung erteilt. In den Auf-
1709 1570 2261 1610 siehtsrat wurde das ausscheidende Mitglied Ober-
1709 1594 2263 1634 bergdirektor Schellenberg wieder- und die Herren
1709 1618 2263 1656 Geh. Justizrat Kempner, Justizrat Lobe und Ge-
1709 1644 2149 1679 schäftsinhaber Fürstenberg neugewählt.
1766 1681 2264 1721 In der vorgestern hier abgehaltenen ordent-
1734 1693 1774 1718 —
1710 1706 2264 1744 lichen Generalversammlung der Kaliwerke
1710 1730 2264 1768 Sarstedt Act.-Ges. vertraten 22 Aktionäre
1712 1753 2264 1792 ein Kapital von 4 077 000 ℳ. Der Vorsitzende
1712 1777 2264 1814 führte, das Nachfallen von Kies betreffend, aus,
1712 1800 2265 1837 dass die schadhafte Stelle gehörig eingedämmt
1712 1824 2265 1862 ist und keine Kiesbeimengungen mehr gefunden
1712 1848 2264 1885 worden sind. Was den Schachtbau betreffe,
1712 1871 2265 1908 so habe man sich auf Grund von Gutachten
1713 1895 2265 1932 Sachverständiger dazu entschlossen, den Wasser-
1714 1917 2267 1956 abschluss schon in einer Teufe von 161,30
1713 1941 2266 1980 Metern vorzunehmen. Bei dem Schachtbau
1713 1965 2266 2003 sei die Cuvelage bis jetzt 25 m tief hinunter-
1714 1989 2267 2026 gebracht worden. Die bis heute geschaffenen
1714 2012 2266 2050 Schachtbauten seien bis auf 50 000 ℳ für Cuve-
1714 2036 2269 2074 lage bezahlt. Als Prämie für den Schachtbau
1714 2059 2269 2098 seien für dessen Beendigung 51 000 ℳ zu
1714 2082 2269 2120 zahlen. Nach Abzug dieser beiden Summen
1715 2107 2269 2143 verbleibe der Gesellschaft noch ein Bankgut-
1715 2130 2269 2167 haben von 1 473 000 ℳ. Auf Grund des Veran-
1717 2153 2269 2191 schlages reiche diese Summe zur vollständigen
1718 2177 2270 2214 Niederbringung des Schachtes bis auf eine Teufe
1718 2201 2270 2237 von 700 Meter aus und es werde ausserdem
1718 2225 2270 2261 noch damit die Kosten für die elektrische Zen-
1718 2246 2271 2285 trale bestritten werden können. die auf 500 000ℳℳ
1717 2271 2272 2310 zuveranschlagen seien. Den Bau einer chemischen
1720 2294 2271 2332 Fabrik habe man bei dem hochprozentigen Ge-
1720 2316 2272 2357 halt der Salze garnicht ins Auge gefasst. Es sei
1720 2342 2271 2380 nur noch der Bau einer Mühle in Betracht zu
1720 2365 2270 2402 ziehen. Die Verhandlungen mit der Gewerk-
1720 2389 2270 2429 schaft Siegfried bei Giessen wegen ge-
1876 2412 2271 2448 Baues eines Bahnanschlusses
1720 2418 1871 2449 meinsemen
1720 2436 2270 2476 jedoch nicht weitergeführt worden. Die Gesell-
1720 2459 2270 2497 schaft werde für eigene Rechnung ein Anschluss-
1720 2483 2271 2520 geleise nach einer anderen Station ausführen.
1720 2505 2272 2544 Der Abschluss wurde genehmigt und Entlastung
1720 2531 2272 2567 erteilt. Die Zuwahl der Herren Geheimen
1720 2553 2272 2591 Justizrat Kempner, Justizrat Lobe und Geschäfts-
1720 2576 2273 2615 inhaber Fürstenberg in den Aufsichtsrat wurde
1720 2605 1849 2640 genehmigt.
622 819 1115 855 In der vorgestern in Hannover abgehaltenen
591 829 626 850 —
567 842 1115 879 ordentlichen Generalversammlung der Ban-
568 865 1116 902 torfer Kohlenzechen Aktiengell-
568 889 1116 925 schaft, in welcher 632 000 ℳ von dem 709 000
568 913 1117 949 Mark betragenden Aktienkapital vertreten waren,
569 936 1118 972 wurde der Jahresbericht einstimmig genehmigt
569 960 1118 996 und beschlossen, auf 700 000 ℳ Vorzugsaktien
570 982 1118 1019 La. C. 12 % Dividende und auf 9000 ℳ Stamm-
570 1006 1118 1043 aktien La. A 6  Dividende vom 10. d. Mts.
983 1029 1118 1063 Dem Auf-
570 1030 991 1065 ab zur Auszahlung zu bringen.
570 1052 1118 1089 sichtsrat und Vorstand wurde Entlastung erteilt
572 1076 1121 1113 und das ausscheidende Mitglied des Aufsichtsrats
1077 1099 1121 1131 Zu
572 1100 1084 1135 Bankier Emil L. Meyer wiedergewählt.
573 1123 1121 1159 Punkt 4 der Tagesordnung: „Beschlussfassung
573 1146 1121 1183 über den Verkauf sämtlicher Mobilien, Immobilien
574 1170 1121 1206 und Rechte, welche der Bantorfer Gesellschaft
574 1194 1121 1230 eigentümlich gehören, an den Preussischen Berg-
574 1216 1121 1253 fiskus“ brachte der Vorsitzende einen eingehen-
574 1240 1121 1275 den Bericht zum Vortrag. Die Verhandlungen über
575 1263 1121 1299 den Verkauf sind zwischen dem Leiter der fiskali-
575 1287 1124 1323 schen Werke am Deister, Hrn. Bergrat Schlösser
575 1310 1124 1346 und dem Vorsitzenden gepflogen. Nach Lage der
576 1333 1124 1370 Sache war die unbedingteste Diskretion erforder-
576 1357 1124 1394 lich, die auch absolut innegehalten wurde. For-
576 1380 1124 1417 mell musste in Wahrung dieser Diskretion die
578 1404 1126 1440 Offerte von dem Bankhause Ephraim Meyer &
578 1426 1126 1464 Sohn, welches über die qualitizierte Majorität des
579 1450 1126 1488 Aktienkapitais verfügt, gestellt werden. Sobald
579 1473 1126 1511 deren Annahme durch die zuständigen Ministerien
579 1498 1126 1535 gesichert war, ist die Beschlussfassung der so-
580 1521 1126 1557 fort einberufenen Generalversammlung unter-
579 1543 1126 1581 breitet worden. Es ist von grösster Bedeutung
580 1567 1126 1607 gewesen, diese Beschlussfassung so zu be-
580 1590 1129 1629 schleunigen, da schon heute, den 1. Juli, der
580 1614 1129 1651 Betrieb und die Verwaltung des Steinkohlen-
580 1638 1129 1675 bergwerks Bantorf an den Königlich Preussischen
581 1662 1129 1697 Bergliskus übergeht. Der Bergliskus zahlt
582 1684 1129 1722 1 700 000 ℳ in bar im Laufe des Monats Juli
581 1707 1129 1747 gegen Erfüllung der notwendigen Formalitäten.
581 1733 1129 1769 Es gehen nicht an den Fiskus über die Aussen-
581 1754 1129 1792 stände, Kasse, Wechsel, wie solche am 30. Juni cr.
582 1778 1129 1814 der Bantorier Kohlenzeche zustehen. Dagegen
581 1802 1129 1838 hat dieselbe alle bis 30. Juni cr. entstandenen
582 1826 1129 1864 Schulden -Verpflichtungen selbst zu tragen.
584 1848 1129 1888 Im allgemeinen konstatierte der Vorsitzende, dass
584 1872 1129 1910 der vorliegende Vertrag den Interessen beider
582 1896 1129 1933 Kontrahenten zu entsprechen scheine. Die Fort-
584 1919 1130 1958 setzung des Betriebes sei hinsichtlich aller Ar-
584 1943 1131 1981 beiter eine ungestörte, bezüglich derjenigen
584 1964 1130 2004 Beamten, welche nicht von dem Fiskus über-
584 1989 1131 2027 nommen werden können, werden bei einer
584 2013 1131 2052 demnächstigen Generalversammlung angemessene
584 2036 1129 2075 Vergütungen über die kontraktlichen Verpflich-
584 2061 1130 2099 tungen der Gesellschaft hinaus beantragt werden.
584 2084 1131 2122 Hierauf genehmigte die Generalversammlung
585 2107 1131 2144 Punkt 4 der Tagesordnung einstimmig. Eine
585 2130 1131 2168 Liquidation oder Auflösung der Gesellschaft er-
585 2154 1131 2192 folgt nicht, was die Versammlung ebenfalls ein-
585 2180 931 2218 stimmig zum Beschluss erhob.
1128 475 1678 514 reits bewilligt worden. Der Verwirklichung dieses
1128 500 1678 538 Projektes konnte bisher nicht näher getreten
1126 521 1678 560 werden, da die ministerielle Genehmigung noch
1126 545 1676 586 aussteht, aber in Kürze zu gewärtigen sein dürfte.
1172 568 1678 607 Die gesamte Produktion der Abteilung
1128 578 1179 604 —
1128 592 1678 631 Friedrichssegen von 183 111 kg Bleiglanz mit
1128 614 1678 654 68,2 5 Pb. und 50,3 gr Ag. 5 693 012 kg Zink-
1128 638 1678 678 blende mit 46,2  Zn., 3 421 957 kg Spateisenstein
1128 661 1681 702 gelangte vertragsgemäss zur Ablieferung. Die
1130 683 1681 723 Notierung der Metallpreise ergibt im Durchschnitt
1128 707 1681 746 des Geschäftsjahres 18 £ 3 sh. 5 d. für Blei, 27 2
1128 730 1681 770 2 sh. 5 d. für Zink. 92,52 ℳ für Silber, woraus sich
1130 754 1681 793 für die Produktion des Werkes ein Wert berechnet
1131 777 1681 817 von im ganzen 45 439ℳ für Bleiglanz, 859 547 ℳ für
1132 800 1681 838 Zinkblende und 13 722 ℳ für Spateisenstein. Die
1131 824 1681 862 Produktion an Spatblende ergab 39 210 ℳ, dazu treten
1133 848 1681 885 an Nebeneinnahmen 42 708 ℳ, sodass sich die
1133 870 1682 908 Gesamteinnahme auf 1 000 627 ℳ stellt. Der Be-
1133 894 1683 932 triebsaufwand betrug 516 369 ℳ und der Be-
1133 916 1684 956 triebs-Ueberschuss 484 258 ℳ. Nach Abzug
1133 940 1684 980 der allgemeinen Kosten mit 104 254 Mark
1133 962 1684 1002 bleibt ein Betriebs-Gewinn von 380 003 ℳ.
1134 987 1684 1026 Die um 2 £ 19 sh. 10 d. für Blei und 1 £ 1 sh.
1134 1010 1684 1049 2 d. für Zink höheren Metallpreise pro 190607
1134 1034 1684 1071 kommen im Gesamtergebnis des Jahres nicht ver-
1136 1056 1686 1095 hältnismässig zum Ausdruck infolge der um 144
1137 1080 1686 1119 Tonnen niedrigeren Blei- und Zinkerzproduktion
1137 1104 1686 1142 einerseits, andererseits infolge des durch die
1137 1126 1686 1166 höheren Löhne, Verteuerung sämtlicher Mate-
1137 1150 1686 1190 rialien etc. bedingten höheren Betriebskoeffizien-
1138 1176 1686 1214 ten, sowie schliesslich infolge des seit dem
1138 1198 1686 1237 1. Januar cr. den Hütten einzuräumenden
1138 1221 1686 1260 grösseren Hüttenabzuges bbei dem Erzverkauf.
1138 1245 1686 1281 Die mechanische Aufbereitung verarbeitete in
1138 1268 1688 1307 298 Arbeitstagen 38 091 000 kg Roherze oder
1138 1292 1688 1329 rund 128 000 kg per Arbeitstag. Gewonnen wur-
1139 1314 1689 1352 den 3 522 096 kg Reinerze und 6 883 200 kg
1141 1339 1689 1379 Spatblende, von welchen 6 878 800 kg zur wei-
1141 1362 1689 1399 teren Verarbeitung der elektro-magnetischen
1144 1386 1689 1423 Aufbereitung zugeführt wurden. In dieser wurden
1141 1408 1691 1446 6 996 000 kg Spatblende geschieden in 2 913 682
1144 1432 1691 1470 Kilogramm Zinkblende, 2 832 302 kg Spateisenstein,
1144 1455 1691 1493 1 220 016 kg Sand, Staub und Mittelprodukt.
1144 1479 1691 1517 Die Versuche, den aus den Aufbereitungen re-
1144 1502 1692 1541 sultierenden feinen Spatblendesand und Schlamm
1144 1526 1692 1563 ökonomisch vorteilhaft zu verwerten, führten im
1144 1549 1694 1586 Berichtsjahre zu einer praktischen Lösung dieser
1145 1573 1694 1610 für alle Werke, die mit Spatblenden zu arbeiten
1144 1596 1694 1634 haben, sehr wichtigen Frage. Es gelang nämlich
1500 1620 1694 1655 Laugeverlahrens
1144 1623 1496 1658 mittelst eines besonderen
1145 1642 1694 1681 neben der Verwertung des Spateisensteines 80
1144 1665 1694 1704 bis 90 % der Zinkblende zu gewinnen. Eine An-
1145 1689 1694 1728 lage für eine tägliche Verarbeitung von 5000 lig
1145 1713 1694 1752 Spatblenden als Ergänzung der elektro-magnet.
1145 1737 1694 1774 Aufbereitung ist bereits in Betrieb genommen. —
1145 1758 1694 1798 Bei der Abteilung Werlau wird das Ergebnis
1145 1783 1694 1822 der von der Werlauer Gewerkschaft übernomme-
1146 1806 1696 1844 nen Grube Gute Hoffnung erst mit dem Beginn
1146 1830 1696 1868 des neuen Geschäftsjahres, am 1. April, in Er-
1385 1853 1697 1889 Das Grubenfeld umfasst
1146 1857 1365 1892 scheinung treten.
1392 1877 1697 1912 15 746 699 Quadratmeter.
1146 1881 1374 1915 ein Areal von
1146 1899 1697 1939 Der Bewertung der Grube sind 10jährige Durch-
1146 1923 1697 1962 schnittszifflern zugrunde gelegt. Nach der auf
1146 1947 1697 1986 Grund des Materials der Gewerkschaft gemach-
1146 1971 1697 2008 ten statistischen Zusammenstellung der Jahre
1148 1993 1697 2033 1895/1904/05 wurden im Jahresdurchschnitt bei
1149 2017 1700 2057 einer Belegschaft von 175 Mann 14 902 505 kg
1148 2041 1700 2080 Roherze verarbeitet und daraus 578 537 kg Blei-
1146 2065 1700 2102 glanz mit 61,94 % Pb 38,83g Ag per 100 kg ferner
1146 2089 1700 2128 3 743 265 kg Zinkblende mit 42,22 Zn produziert, d. s.
1146 2113 1700 2149 3,9 5 Blei- und 25,1 % Zinkerz-Ausbringen vom
1146 2135 1700 2173 Roherz oder ein Gesamtausbringen von 29  an
1146 2159 1700 2197 Blei- und Zinkerzen. Die Jahreseinnahmen be-
1146 2181 1701 2222 trugen im Mittel der 10 Jahre: 414 436 ℳ, die
1148 2205 1702 2244 direkten Produktionskosten 256 653 ℳ, woraus
1148 2229 1701 2268 sich eine Einnahme pro Tonne Roherz von
1148 2251 1702 2292 27,80 ℳ gegen 17,20 ℳ Unkosten ergibt, mithin
1149 2276 1700 2314 ein Ueberschuss von 10,60 ℳ per Tonne Roherz.
1150 2299 1702 2338 Wie schon erwähnt, ist die Produktionsföhigkeit
1149 2324 1702 2362 der Grube erheblich steigerungsfähig, zu welchem
1150 2348 1701 2387 Zweck die Aufbereitung entsprechend zu ver-
1150 2370 1702 2411 grössern resp. zu ergänzen ist. Das Projekt zur
1152 2394 1702 2432 Erweiterung resp. Ergänzung der Aufbereitung
1152 2418 1702 2456 liegt bereits vor und wird mit der Ausführung
1150 2442 1702 2480 sotort begonnen und diese derartig beschleunigt
1152 2465 1702 2503 werden, dass sie bis Oktober cr. beendet ist.
1152 2489 1702 2525 Ausser den Neuanschaffungen und Zugängen von
1150 2511 1702 2550 2 000 000 ℳ erhöht sich das Konto Konzessionen
1152 2537 1702 2572 einschliesslich Stolln- und Schachtanlagen um
1152 2559 1702 2597 76 219 ℳ für ausgeführte Hilfs- und Versuchs-
1152 2582 1702 2620 arbeiten zwecks Erschliessung neuer Gangmittel.
1152 2606 1702 2644 Des Weiteren wurden für Stolln- und Schacht-
1343 2629 1705 2665 Bärenskopfer Reviers rund
1272 2633 1325 2664 des
1152 2635 1247 2668 anlagen
1512 2652 1705 2686 Der Betriebs-
1256 2654 1327 2688 Mark
1352 2656 1498 2688 verausgabt.
1152 2658 1241 2692 30 000
1334 2675 1705 2711 sich einschliesslich 30 580 ℳ
1256 2680 1324 2713 stellt
1152 2681 1245 2713 gewinn
1324 2699 1705 2735 dem Vorjahr aui 410 583 ℳ
1259 2704 1333 2735 aus
1152 2706 1249 2737 Vortrag
1152 2723 1705 2761 und soll wie folgt verteilt werden: Abschreibungen
1154 2748 1705 2783 141 335 ℳ, dem gesetzlichen Reservefonds
1154 2771 1705 2808 11 933 ℳ, vertragsmässige Tantieme an den Vor-
1152 2794 1705 2831 stand und Gratifikation an die Beamten 10 161 ℳ,
1152 2818 1705 2854 8 % Dividende auf das Kapital von 2 600 000 ℳ =
1152 2839 1705 2878 208 000 ℳ, statutarische Tantiemen an den Auf-
1154 2864 1705 2902 sichtsrat 5629 ℳ, Vortrag auf neue Rechnung
1154 2892 1274 2926 33 526 ℳ.
597 413 646 447 14
2125 400 2206 433 1907
1160 408 1628 449 Berliner Börsen-Zeitung No. 302.
664 774 1012 826 Handelsnachrichten.
