2400 3418
704 2380 743 2400 —
122 448 154 470 —
118 598 153 622 8
1704 363 1734 391 7
706 2666 747 2688 —
155 950 649 986 Die italienische Kammer hat den
123 961 161 984 2
100 973 649 1011 Gesetzentwurf betreffend den Ankauf der
101 997 649 1036 Insel Caprera durch den Staat ange-
100 1027 211 1058 nommen.
157 1056 649 1092 Im Kanton Genf ist die Gesetzesvorlage
124 1065 161 1089 —
99 1078 649 1116 über Trennung von Kirche und Staat
99 1102 649 1140 in der gestrigen Volksabstimmung mit 7656 gegen
99 1129 516 1162 6822 Stimmen angenommen worden.
1148 1718 1196 1751 31/½
695 1724 799 1754 England
1148 1742 1177 1771 4
696 1743 919 1778 Frankreich
1148 1764 1178 1792 6
696 1767 841 1799 Deutschland
696 1786 1058 1823 Durchschnitt der obigen Länder
1149 1786 1198 1818 41/2
1149 1810 1198 1843 41/2
696 1813 911 1848 Vereinigte Staaten
155 440 644 474 Die Abreise des Kronprinzen von
96 461 644 499 Portugal nach Afrika wird heute von
96 483 644 520 Lissabon an Bord des Dampfers „Afrika“ erfolgen.
96 507 644 543 Die Reise wird rund um Afrika gehen. Die
96 530 644 567 Rückkehr nach Lissabon wird am 20. September
96 559 203 591 erwartet.
159 1451 649 1488 Ein in San Francisco von den Pribylow-
128 1460 166 1485 —
102 1475 652 1510 Inseln angekommener Dampfer berichtet, ein
104 1499 652 1536 Zollkutter der Vereinigten Staaten habe 29 j apn-
105 1523 652 1558 nische Rechundsjäger aalgefangen, die
105 1547 572 1581 auf der St. Paul-Insel unberechtigt jagten.
172 2919 668 2955 Die „Vereinigung der General-Betriebsleiter“
140 2928 173 2950 —
114 2942 670 2979 in Chicago hat ein Büchlein veröffentlicht, welches
114 2966 670 3002 an der Hand von Zahlen und sonstigen Daten
117 2990 669 3026 interessante Vergleiche zwischen den
117 3013 670 3051 amerikanischen Bahnen und denen
120 776 646 812 Eine offiziöse Mitteilung besagt, dass der
96 797 646 836 Premierminister Franco den Führern der konser-
98 821 646 858 vativen und der progressistischen Partei weder
98 844 649 883 irgendwelche Vorschläge gemacht habe, noch
98 868 649 904 auch habe machen lassen. Es wird weiter mit-
98 891 649 928 geteilt, dass Franco den König nicht nach dem
98 915 581 952 Badeorte Pedras Salgadas begleiten werde.
152 590 644 627 Gegenüber den Meldungen mehrerer Blätter
98 611 644 649 wird von zuständiger Seite festgestellt, dass die
98 635 644 672 Rahe in Lissabon nicht gestört wurde.
98 658 644 694 Nur einmal kam es zu einem Auflauf am Bahn-
98 681 644 718 hof, als bei der Ankunft des Ministerpräsidenten
98 704 644 742 Franco aus Porto die Mitglieder politischer Klubs
98 727 644 766 eine Kundgebung veranstalteten und die Polizei
98 755 324 786 einschreiten musste.
159 1161 651 1197 Der neue Pascha von Tanger hielt
101 1184 650 1220 gestern vormittag seinen Einzug in die Stadt.
102 1208 651 1244 Vorauf marschierten die Truppen der Besatzung
101 1231 651 1269 von Tanger, die Kontingente der Eingeborenen-
101 1255 651 1288 Stämme und die Beamten. Die Geschütze
101 1276 652 1312 teuerten Salut, die Musik spielte; die Eingeborenen
101 1301 652 1336 begrüssten den neuen Pascha mit Zurulen. Bu
102 1324 652 1359 Achrim begab sich in die Moschee, wo er das
102 1348 652 1383 Schreiben des Sultans, welches seine Ernennung
102 1371 652 1406 zum Pascha von Tanger enthält, verlas, und
102 1394 652 1431 von dort nach seinem Residenzgebäude in der
102 1420 199 1453 Kasbah.
747 2369 1227 2403 Die Verwaltung der Aktiengesell-
680 2392 1228 2429 schaft Eisenwerk Rothe Erde in Dort-
680 2416 1228 2453 mund teilt mit, dass das Werk in dem am 30. v. M.
680 2440 1228 2475 abgelaufenen Geschäftsjahr zu lohnenden Preisen
680 2464 1228 2499 voll beschäftig gewesen sei; sie glaubt, auf das
680 2486 1230 2523 erhöhte Aktienkapital von 1 602 000 ℳ eine Divi-
680 2510 1230 2546 dende von 12 9 verteilen zu können. (Unsere
680 2533 1230 2573 vorgestrige Schätzung ist hiernach zu berichti-
682 2557 1230 2594 gen. D. Red.) Der Auſtragsbestand, der nach
682 2580 1230 2617 wie vor ein reichlicher ist, sichert dem Unter-
682 2604 1230 2640 nehmen über das III. Quartal d. J. hinaus volle
682 2629 1044 2661 Beschäftigung zu guten Preisen.
178 2537 664 2573 Wie aus Jusowka (Gouvernement Jekateri-
137 2546 172 2568 —
112 2562 665 2598 noslaw) gemeldet wird, brach in der vorver-
114 2584 665 2622 gangenen Nacht in dem Prochorowsky-
114 2608 665 2645 Bergwerk Feuer aus, das einen Schacht, in
114 2632 665 2667 welchem 27 Bergleute arbeiteten, in Flammen
113 2655 665 2690 setzte. Die angehäuften Gase führten eine
113 2679 665 2715 Explosion herbei, und der Rauch drang in eine
113 2702 668 2737 benachbarte Grube, in der etwa 100 Bergleute
114 2725 665 2760 arbeiteten. Alle Bergleute bis auf einen, der
114 2749 665 2784 nicht aufgefunden ist, konnten gerettet werden.
114 2773 668 2808 In der Hauptgrube ist die Arbeit wieder aufge-
339 2796 668 2829 Der Schaden ist sehr be-
114 2798 346 2831 nommen worden.
114 2821 232 2853 trächtlich.
174 1582 652 1618 Sieben japanische Handelskam-
130 1589 168 1614 —
105 1605 652 1640 mern sundten an die bedeutendsten Handels-
105 1628 653 1663 kammern in den Vereinigten Staaten
105 1652 654 1687 eine Adresse, in der sie dieselben auffordern,
105 1675 654 1710 ihr Bestes zu tun, um die gegenwärtig bestehen-
106 1699 654 1733 den Ursachen der Hissstimmung zwischen
106 1722 654 1757 Japan und Amerika baldigst zu beseitigen
106 1744 654 1779 und das Gedeihen beider Länder zu sichern. Die
106 1768 654 1803 Handelskammern sandten ferner auch eine
107 1791 654 1826 Adresse an den Präsidenten Roosevelt, in der sie
106 1816 654 1850 seine Unterstützung erbitten und erklären, wenn
106 1838 654 1873 man dulde, dass derartige Missstände weiter be-
107 1861 654 1897 ständen, so könne die Entwicklung des Handels,
107 1885 654 1920 der auf freundlichen Beziehungen zwischen den
107 1908 654 1944 beiden Nationen beruhe, schliesslich aufgehalten
107 1934 207 1967 werden.
744 2657 1233 2691 Das Schiffbaustahlkontor, welches
682 2680 1230 2715 durch die Gewerkschaft Deutscher Kaiser zum
682 2706 1230 2741 30. Juni gekündigt worden war, hat, wie schon
682 2728 1233 2765 telegraphisch gemeldet, seine Erneuerungs-Ver-
682 2752 1233 2790 handlungen soweit gefördert, dass der Vertrag
685 2775 1233 2811 Anfang Juli zur Unterzeichnung kommt.
685 2798 1235 2834 Es sollen nur bezüglich des Anschlusses
685 2821 1235 2856 der oberschlesischen Werke noch einige
685 2845 1236 2881 förmliche Vorbehalte seitens einzelner rhein.-
685 2868 1236 2905 westl. Mitglieder gemacht worden sein, die der
685 2892 1236 2928 Erledigung harren. Bekanntlich war der ober-
685 2914 1236 2951 schlesische Stohlwerksverband früher Mitglied des
688 2940 1236 2975 Kontors, dem sonst ausser 2 südwestdeutschen
688 2962 1236 2997 nur rheinisch-westfälische Werke angehören.
688 2986 1238 3021 Durch die Auflösung des oberschlesischen
688 3009 1238 3045 Stahlwerksverbandes bedarl das Verhältnis mit
953 435 1206 466 Zweifellos steht die
661 437 962 469 des Auslandes zieht.
661 457 1209 493 Herausgabe des Heftchens mit dem gerade jetzt
661 481 1209 516 besonders heftig tobenden Streit über Kapital,
661 505 1209 540 Leistungsfähigkeit und Tarife der amerikanischen
661 527 1209 561 Bahnen in Verbindung und es dürfte in erster
664 550 1209 584 Linie dazu bestimmt sein, die amerikanischen
664 573 1209 608 Bahnen in ein vorteilhaftes Licht zu stellen. Zu-
664 596 1209 632 nächst wird in dem Büchlein erklärt, dass sich
664 620 1209 655 die Gütertarife der europäischen Bahnen um
664 643 1209 679 hundert Prozent höher stellen als diejenigen der
664 665 1209 702 amerikanischen Bahnen. Die Löhne der Bahn-
664 689 1209 726 angestellten sind dagegen in Amerika die höchsten.
664 712 1209 747 Die Löhne in Deutschland und England sind um
664 735 1209 772 fünfzig Prozent, die in Frankreich um 65 Prozent
664 759 1212 795 niedriger. Die folgende Tabelle gibt für die vier
664 782 1212 819 Länder den Durchschnitt der Frachtmenge und der
664 806 1107 842 Kapitalisierung pro Meile Bahn wieder:
165 2033 657 2070 Das „Leipziger Tageblatt“, das füh-
132 2041 172 2065 —
110 2056 657 2091 rende Blatt der sächsischen Nationalliberalen,
110 2080 659 2115 teiert heute das Jabiliium seines hundert-
109 2103 659 2139 jährigen Bestehens. In der umfangreichen
109 2127 659 2162 Jubiläums-Nummer, die der Verlag seinen Lesern
110 2151 660 2186 als Festgabe bietet, schildert Gustav Wuster-
110 2174 660 2209 mann in interessanter Weise den Werdegang der
110 2197 660 2233 Zeitung, die, in der schweren Zeit tiefster
111 2221 660 2256 vaterländischer Erniedrigung entstanden, mit
111 2245 660 2280 manchem Ungemach zu kämpfen hatte, ehe es
111 2266 662 2304 gelang, ihr die bedeutende Stellung zu schaffen,
111 2292 662 2328 die das „Leipziger Tageblatt“ nunmehr seit vielen
111 2314 662 2349 Jahrzehnten einnimmt. Verkleinerte Abdrücke
112 2338 662 2372 von der ersten Seite der allerersten sowie einigen
111 2361 662 2396 späteren Nummern der Zeitung, die an den Text der
112 2385 662 2420 Jubiläums-Ausgabe eingefügt sind, gewähren einen
112 2408 662 2444 interessanten Einblick in die journalistischen und
112 2432 662 2469 typographischen Gebräuche von damals. Im
112 2455 662 2490 übrigen ist der Festnummer durch Beiträge der
112 2479 662 2515 sämtlichen hervorragenden Mitarbeiter des Blattes
112 2502 630 2537 auch ein besonderer aktueller Wert gesichert.
730 1846 1220 1884 Vom englischen Eisen- und Stahl-
677 1870 1220 1905 Markt wird uns berichtet: Trotz ungünstiger
674 1894 1220 1931 Berichte aus den Vereinigten Staaten zeigte der
674 1917 1220 1953 Warrant-Markt in dieser Woche eine bessere
674 1940 1222 1977 Stimmung. Konsumenten haben sich weniger
674 1964 1222 2001 zurückhaltend gezeigt und die Umsätze waren
674 1987 1222 2024 infolge davon entschieden lebhafter. Warrants
677 2010 1222 2047 und Giessereieisen No. 3 zeigen eine Steigerung
677 2034 1222 2071 von 5—6 d. bei 56 sh. 9 d. und 57 sh. 6 d.
1041 2058 1225 2091 für englisches
677 2059 1028 2094 Wenn auch die Nachfrage
1044 2082 1225 2117 amerikanischen
677 2082 1052 2118 Roheisen von Seiten der
677 2104 1225 2142 Konsumenten nachgelassen hat, so ist die
677 2127 1225 2166 Exportnachfrage in anderer Richtung doch
677 2151 1225 2189 eine gute. — Fertigeisen und Stahl zeigen nur
677 2174 1225 2211 geringe Veränderung. Schiffsbaumaterial bleibt
677 2198 1225 2234 fest; in Barrow erfolgte ein Aufschlag für Schiffs-
677 2222 1225 2259 platten und Kesselplatten, die jetzt 9  bedingen.
677 2245 1225 2283 Stahlschienen 6 £ 15 sh. Die Produktion ist
677 2269 1225 2306 augenblicklich gross und die Werke, die vor
677 2292 1226 2329 einiger Zeit 6 £ 17 sh. 6 d. erzielen konnten,
677 2316 1227 2352 müssen sich meistens mit dem Minimalpreise von
677 2342 925 2373 6 £ 15 sh. begnügen.
1091 830 1188 864 Kapitali-
971 832 1065 862 Tonnen
972 854 1064 884 Fracht.
1091 854 1190 886 sierung.
976 875 1070 908 500 000
1089 875 1209 907 271 000 8
664 878 772 913 England.
978 899 1071 931 410 000
1089 899 1184 930 136 000
664 902 806 934 Frankreich.
1176 903 1209 936 9
978 922 1071 955 770 000
1090 922 1209 958 100 000 „
664 926 809 957 Deutschlund
1097 945 1209 979 64 000 „
976 946 1070 978 800 000
666 947 895 980 Vereinigte Staaten.
690 968 1212 1005 An dea Hand von weiteren Ziffern wird dar-
664 992 1212 1030 getan, dass die amerikanischen Bahnen mit 65 %
666 1016 1212 1052 weniger Schienenlänge als die englischen im-
666 1039 1212 1076 stande sind, um 60 b mehr Fracht pro Meile zu
666 1063 1212 1098 befördern. Es heisst dann, dass hierdurch klar
666 1087 1212 1122 der Erfolg der wissenschaftlichen Methoden dar-
666 1109 1214 1147 gelegt werde, welche bei dem Betriebe der ame-
666 1132 1214 1168 rikanischen Bahnen in Anwendung kommen. Das
666 1156 1214 1191 Heft bemerkt weiter, dass ursprünglich die Kosten
666 1179 1214 1215 der Bahnbauten in Amerika viel geringer als in
666 1202 1214 1240 Europa gewesen wären. Heutzutage hätten sich
668 1226 1214 1261 aber die Verhältnisse, namentlich in den grossen
666 1250 1214 1285 Handels- und Industriezentren, derart geändert,
669 1273 1214 1309 dass sie denen gleichkämen, welche in England
669 1297 1214 1332 herrschten, als dort die Bahnen gebaut wurden.
669 1319 1214 1356 Deshalb werde es in Amerika noch grössere
669 1343 1214 1378 Summen kosten, um Seiten- und Bahnhofsgleise
669 1366 1216 1402 zu beschaffen, als auf den Bau der amerikanischen
669 1390 1217 1426 Bahnen verwendet wurden. Aber wenn auch
669 1414 1216 1452 noch so grosse Summen für den genannten
669 1436 1216 1473 Zweck zu verausgaben sein würden, würde
669 1460 1217 1497 sich die Kapitalisierung der amerikanischen
669 1483 1216 1519 Bahnen immer erst auf die Hlälfte des eng-
669 1507 1217 1543 lischen Durchschnitts stellen. Die Reineinnahmen
669 1531 1216 1566 d. h. die Einnahmen, welche von den Brutto-
671 1553 1216 1590 Betriebserträgnissen nach Abzug der Betriebs-
669 1577 1217 1614 unkosten, Steuern und Ausgaben für Instand-
672 1601 1217 1636 haltung verbleiben und für Bondszinsen resp.
672 1624 1217 1659 Dividenden disponibel sind, stellten sich für die
672 1647 1217 1683 Bahnen Englands, Frankreichs, Deutschlands und
672 1671 1217 1707 der Vereinigten Staaten in Prozenten der Ka-
672 1696 934 1730 pitalisierung, wie folgt:
1226 429 1772 465 den oberschlesischen Werken einer anderweitel
1226 451 1772 490 Regelung. Darüber ist man noch zu keiner
1226 473 1772 513 Einigung gelangt. Aber schliesslich wird man
1224 497 1772 536 die Erneuerung nicht an dem Beitritt der
1226 521 1772 558 Oberschlesier scheitern lassen und even-
1226 543 1772 582 tuell den Vertrag auch ohne diese zum Voll-
1226 567 1772 606 zuge bringen. Die Verlängerung wird voraus-
1226 590 1772 627 sichtlich auf zwei Jahre erfolgen und wird gleich-
1226 614 1772 650 zeitig mit einem Wechsel in der Leitung ver-
1229 637 1772 675 knüpft sein. Herr Direktor Weber, der langjährige
1229 661 1772 697 verdiente Leiter des Kontors und des früheren
1229 683 1772 720 Grobblechverbandes verlässt, der „Rhein.-Westf.
1229 706 1772 744 Zig.“ zufolge, seine Stellung, um als Direktor bei der
1229 730 1772 768 Firma Peter Harkort u. Sohn in Wetter einzu-
1229 752 1772 789 trefen. Ueber den Nachfolger sind endgültige
1229 776 1774 813 Bestimmungen noch nicht getroffen. Die Tätig-
1229 800 1774 836 keit des Kontors erstreckt sich auf den
1229 823 1774 861 Verkauf von Schiffsblechen von 5 mm und
1229 845 1774 884 stärker, sowie Formstahl aller Art, soweit
1229 871 1777 907 solcher zum Bau und zur Ausbesserung von
1712 892 1774 925 Ver-
1449 893 1721 928 deutschen Werften
1229 897 1445 931 Seeschiffen auf
1450 916 1725 951 Ausgeschlossen sind
1716 917 1774 949 aus-
1229 919 1439 952 wendung findet.
1229 939 1774 978 drücklich Dampfkesselbleche, Riffelbleche und
1229 962 1777 1000 Bleche für Panzerungsmaterial. Für den Verkauf
1229 986 1777 1024 von Dampfkesselblechen (Siemens-Martin-Quali-
1229 1010 1777 1047 tät) besteht seit längeren Jahren bekannt-
1229 1033 1777 1070 lich eine lose Vereinigung unter den Firmen
1229 1057 1777 1094 Krupp. Schulz -Knaudt, Thyssen, Rheinische
1229 1079 1777 1118 Stahlwerke, Abt. Duisburger Eisen- und Stahl-
1229 1105 1777 1140 werke, die aber nur Festsetzung von
1232 1126 1777 1166 Mindestpreisen zum Zweck hat. Wie früher
1403 1150 1777 1185 dient die Tätigkeit des
1232 1155 1412 1186 schon betont,
1232 1173 1777 1210 Schiffbaustahlkontors hauptsächlich den Zwecken
1232 1197 1778 1233 der deutschen Schiffswerften, denen die
1233 1219 1777 1257 Materialbestellung dadurch wesentlich erleich-
1233 1243 1777 1281 tert wird. Die beteiligten Werke sind zum Teil
1232 1267 1778 1304 von den Preisen, die die Werften unter Heranzie-
1232 1291 1779 1328 hung der billigen englischen Konkurrenz bewilligen,
1232 1315 1778 1352 ja weniger entzückt und lieben eine allzugrosse Be-
1234 1337 1779 1375 teiligungseinschätzung nicht, trotzdem aber sollen
1232 1361 1779 1398 bei der Erneuerung die Gesamtbeteiligungsziffern
1234 1384 1777 1420 sich nicht unwesentlich erhöht haben. Wahr-
1233 1407 1779 1443 scheinlich hat dabei die ja nicht mehr allzu rosige
1234 1431 1777 1469 Aussichten bietende Marktlage eine Rolle gespielt.
1301 1478 1781 1515 Vom Hamburger Kaffeemarkte
1257 1489 1293 1510 —
1234 1502 1781 1540 wird uns geschrieben: Die zweite Hälfte des
1234 1525 1781 1562 Juni setzte wieder mit schwankender Tendenz
1234 1550 1780 1586 ein. Im Hinblick auf die von Brasilien ausge-
1234 1571 1782 1611 gebenen etwas ermässigten Kostfracht-Offerten
1234 1595 1781 1633 eröffnete der Markt mit ¼ yf. Abschlag. Dazu
1234 1621 1781 1656 hatte Brasilien zahlreiche Gebote angenommen
1234 1642 1781 1678 und die Kostfracht-Offerten weiter ermässigt.
1234 1666 1782 1702 Dann wurde bekannt, dass Brasilien beabsichtige,
1237 1690 1782 1727 eine Anleihe von 5 Millionen Pfd. Sterl. auf-
1237 1713 1782 1749 zunehmen, um dem Staate Sao Paulo zu
1237 1735 1784 1773 ermöglichen, seinen Verpflichtungen gegenüber
1237 1759 1784 1796 dem Banco do Brazil und der Firma Theodor
1237 1783 1785 1819 Wille nachzukommen und einen Vorrat von
1237 1804 1784 1843 7 Millionen Sack Kaffee zu halten. Diese Nach-
1237 1828 1785 1866 richten übten einen verstimmenden Eindruck und
1237 1854 1785 1891 drückten die Preise weiter um 1/¼ p. Dann aber
1238 1875 1785 1914 machte sich Deckungsbedürinis geltend und
1240 1899 1785 1938 sämtliche Sichten vermochten die Einbussen
1240 1923 1785 1961 wieder einzuholen. Die Sao Paulo-Regierung
1240 1947 1787 1985 liess offiziell ankündigen, dass sie ihre Käufe in
1240 1970 1787 2007 Rio und Santos eingestellt habe. Wie es
1240 1992 1788 2034 heisst, hat die Regierung im ganzen 8 000 000
1546 2016 1788 2052 meint, dass der
1329 2020 1540 2054 angekauft und
1240 2022 1319 2053 Sack
1240 2038 1788 2078 Markt dadurch genügend erleichtert sei, um
1240 2062 1789 2101 sich selbst überlassen werden zu können. Von
1240 2086 1790 2125 diesen 8 Millionen Sack sind 5 Millionen nach
1240 2110 1790 2150 Europa und 1 800 000 Sack nach den Vereinigten
1240 2133 1790 2172 Staaten konsigniert, während 1 200 000 Sack noch
1240 2156 1790 2195 in Brasilien liegen. Ferner wurde gemeldet, die
1240 2180 1790 2219 Regierung gehe mit dem Gedanken um, noch
1242 2203 1790 2241 800 000 Sack in Santos zu kaufen, die ihre
1242 2226 1790 2267 Agenten bemustert und von letzteren bereits
1242 2250 1790 2289 klassifiziert seien. Die Inhaber dieser Ware
1242 2274 1790 2313 hatten dieselbe nicht zum Verkaufe in
1242 2296 1791 2336 offenem Markte gebracht, weil sie erwarteten,
1245 2322 1791 2360 dass die Regierung sie ihnen abnehmen werde,
1245 2344 1792 2384 nachdem die Agenten die Muster zurückbehalten
1245 2368 1793 2407 hatte. Für diese 800 000 Sack sind aber noch
1245 2391 1793 2431 keine Abmachungen betreffs der eventuellen Kon-
1245 2414 1795 2454 signierung getroffen worden. Im ganzen hat sich
1245 2438 1795 2478 die Stimmung während der ersten Berichtswoche
1245 2461 1796 2502 weniger pessimistisch gezeigt, denn wenn auch
1245 2486 1796 2523 noch nicht viel Vertrauen zur Marktlage vor-
1248 2508 1796 2547 handen war, so scheint man doch der Ansicht
1248 2533 1796 2573 zuzuneigen, dass die gegenwärtige Preislage tat-
1248 2554 1796 2594 sächlich eine niedrige ist, sodass Käufe auf
1248 2580 1798 2619 dieser Basis kein besonderes Risiko in sich
1511 2604 1797 2640 zweiten Berichtswoche
1391 2608 1520 2640 In der
1248 2610 1399 2643 schliessen.
1248 2628 1798 2666 waren die Zufuhren nicht ganz so gross
1392 2650 1798 2688 Nachdem in Rio seit dem 1. Juli
1248 2656 1400 2689 wie zuvor.
1250 2674 1801 2713 vorigen Jahres bis jetzt 4 172 000 Sack und in
1250 2697 1801 2736 Santos 15 201 000 Sack angekommen sind, dürfte
1250 2721 1801 2759 die Gesamtzufuhr bis Ende des brasilianischen
1250 2745 1801 2783 Kaffeejahres am 30. Juni 1907 sich auf 4 14 bezw.
1253 2768 1801 2805 1512 Millionen Sack, zusammen also auf 19 ¾
1253 2792 1801 2829 Millionen Sack belaufen. Da die Regierung
1253 2816 1803 2852 nicht mehr als Käufer im Markte ist, müssen die
1253 2839 1804 2879 Abgeber in Brasilien sich bequemen, die Gebote
1253 2863 1804 2901 der Exporteure anzunehmen, sodass ein etwas
1253 2887 1804 2924 lebhafteres Kost- und Fracht-Geschäft sich ent-
1443 2910 1805 2945 Wenn nun die Vorräte an
1253 2914 1450 2947 wickeln konnte.
1253 2932 1805 2970 greifbaren und brauchbaren Kaffees in den
1253 2956 1806 2995 Konsumländern auch äusserst knapp sind, so kauft
1253 2980 1805 3018 man einstweilen doch nur mit grosser Zurück-
1256 3004 1806 3045 haltung, da die Prämie für gute Ware noch
130 376 209 407 1907
690 368 1156 404 Berliner Börsen-Zeitung No. 302.
253 1988 516 2037 Verschiedenes.
221 2874 569 2926 Handelsnachrichten.
