2400 3378
832 2994 1043 3032 (Fortsetzung folgt.)
130 1345 644 1379 Hier unterbricht um 112 Uhr R.-A. D. Rosen-
106 1366 644 1406 thal sein Playdoier, worauf die Mittagspause
107 1391 196 1425 eintritt.
1277 2946 1762 2984 Deutsche Juristen-Zeitung. 12. Jahrgang. In-
1246 2952 1282 2978 —*
1221 2969 1762 3009 halt des 13. Heftes. V. Tuhr, Dr., Professor,
1221 2994 1757 3034 Zur Auflösung der Duma. Fleischmann, Dr.
130 998 641 1035 Alle Beheuptungen gegen Dr. Peters zer-
105 1022 644 1058 fallen in ein völliges Nichts. Was er getan,
106 1044 644 1079 tat er im Interesse der Station, um das
106 1068 644 1102 Leben der ihm anvertrauten Leute zu schützen.
106 1091 644 1127 Geschlechtliche Motive lagen ihm völlig fern.
106 1115 644 1148 und selbst wenn Herr von Bronsart die
106 1138 644 1173 Wahrheit gesagt hatte. so wäre gegen Dr. Peters
106 1162 644 1195 noch lange nichts bewiesen. Höchstens wäre
106 1185 644 1217 festgestellt, dass Dr. Peters auch einmal renom-
106 1208 644 1240 miert hat, aber niemals, dass er etwas unrechtes
106 1230 644 1265 getan hat. Ein Sinnspruch sagt, dass jeder etwas
106 1253 644 1287 in seiner Natur hat, dass er auch einmal etwas
106 1276 644 1310 ausspricht, was mit der Wahrheit nicht überein-
106 1300 644 1334 stimmt. Das gilt ja auch von Herrn Martin
106 1323 350 1354 Gruber. (Heiterkeit.)
188 1526 250 1559 Der
266 1529 644 1561 abenteuerliche Expressungs-
107 1547 644 1583 undl Mordversuch des 18 Jahre alten Ar-
106 1572 646 1607 beiters Emil Buhse gelangte zur Vorhandlung vor
106 1596 646 1631 dem Schwurgericht des Landgerichts I. Den Vor-
106 1620 646 1653 sitz führt Landger.-Rat Boese, die Anklage ver-
106 1642 646 1677 tritt Staatsanwalt Dr. Klehr, der Angeklagte wird
107 1666 646 1700 von dem Rechtsanwalt Dr. Karl Loewenthal
107 1689 646 1724 und Dr. Werthauer verteidigt. Der Ange-
107 1712 646 1745 geklagte, der durch Detektiv-Romane und
107 1734 646 1768 nervenkitzelnde Theaterstücke in eine Schwär-
108 1758 646 1792 merei für Räuberromantik versetzt worden sein
107 1781 646 1816 soll, macht einen noch ganz knabenhaften Ein-
107 1805 646 1839 druck. Er steht unter der Anklage der ver-
108 1828 646 1862 suchten räuberischen Erpressung, des versuchten
108 1851 646 1887 Mordes und der vorsätzlichen Körperverletzung
107 1875 461 1906 mittels gefährlichen Werkzeugs.
1233 486 1749 520 — Von den Seidenmärkten wird uns ge-
1210 509 1750 544 schrieben: Der Verkehr auf dem Züricher Roh-
1210 532 1750 568 seidenmarkt war in der letzten Woche wieder
1209 555 1750 590 sehr ruhig. Da die Abgeber auf die billigen
1209 579 1749 614 Preise der Käufer nicht eingingen, kam es kaum
1209 600 1749 637 zu Abschlüssen. Dasselbe gilt von seidenen Ge-
1210 624 1750 662 weben, welche gleichfalls in grösseren Mengen
1209 648 1749 682 nicht umgesetzt wurden. In Lyon wurde,
1209 671 1749 705 soweit Rohseiden in Betracht kommen, nur
1209 694 1749 729 das nötigste gekauft. Die Preise haben an
1209 717 1749 751 Festigkeit etwas eingebüsst. Dagegen erhalten die
1210 740 1749 775 Fabrikanten von seidenen Geweben sowie von
1209 762 1749 799 Samten und Samtbändern fortgesetzt lohnende
1210 785 1749 820 Bestellungen zu festen Preisen. Auf dem Roh-
1209 809 1749 845 seidenmarkt in Mailand ist das Hauptinteresse
1209 832 1749 866 der Käufer auf die Seidenernte gerichtet.
1209 854 1750 889 Die Preistendenz ist fest. Recht still liegt das
1209 878 1750 913 Geschäft auf dem Crefelder Rohseidenmarkt und
1209 902 1749 935 von nennenswerten Umsätzen wurde nichts be-
1209 923 1750 958 kannt. Auch die Nachfrage in seidenen Geweben
1209 947 1750 983 hielt sich in den engsten Grenzen. Preise waren
1210 972 1353 1005 unverändert.
104 443 641 479 Votum fällen sollte, war recht sonderbar. Alles,
104 468 641 502 was an Afrika erinnerte, war aus diesem Tribunal
104 492 641 526 sorgfältig verbannt. Man machte Dr. Peters
104 514 644 549 den Vorwurf, er habe nicht alle Europäer zur
104 538 641 573 Urteilsfällung zugezogen. Wie sollte aber z. B.
104 561 644 597 Herr Kuhnert dazu kommen, plötzlich das
105 585 644 617 Amt des Richters auszuüben, er, der nur als
105 606 644 640 Cast auf der Station weilte? Wo liegt weiter
105 629 644 664 die Heimlichtuerei, wenn die Leichen den ganzen
105 653 644 686 Tag hindurch als abschreckendes Beispiel am
104 676 644 712 Galgen hängen blieben? Herr v. Bronsart dupierte
104 699 644 734 die Richter mit doppelzüngigen Berichten. Man
104 720 644 757 begnügte sich damit, das Ungünstigste aus diesen
104 744 641 778 Berichten als wahr zu unterstellen. So entstan-
105 767 641 801 den die beiden Urteile. Aber selbst diese Urteile,
105 791 641 825 die auf ganz fatschen Voraussetzungen aufgebaut,
105 815 641 848 ein Meisterstück juristischer Klügelei
105 837 644 871 sind, treffen durchaus keine Feststellungen im
104 860 641 893 Sinne der „Münchener Post“. Deren Behaup-
105 884 641 919 tungen sind unwahr und bleiben unwahr, selbst
105 906 644 940 wenn die Urteile richtig wären. Die absolute
105 929 644 964 Wertlosigkeit der Urteile wird aber vollkommen
105 952 644 989 klar, wenn der wahre Sachverhalt lestgestellt
105 978 171 1007 wird.
686 2364 1204 2398 Der 60 Jahre alte Zeuge Tidemand bleibt
664 2387 1204 2423 gegenüber dem Angeklagten dabei, dass dieser den
664 2411 1203 2445 ersten Schuss abgegeben habe, indem er den Re-
664 2435 1204 2469 volver direkt auf ihn hielt. Bei dem Ringen habe
664 2458 1204 2492 der Angeklagte versucht, ihm den Revolver auf die
664 2481 1204 2516 Brust zu bringen, der Zeuge hat ihm die Hand
664 2505 1202 2539 fortgestossen und so ging der zweite Schuss los.
664 2528 1203 2564 Beim Ringen sind dann die zwei weiteren Schüsse
664 2550 1204 2587 gefallen. Durch einen wurde der Angeklagte
664 2574 1204 2608 selbst an der Hand etwas verletzt. Da fing er
664 2597 1204 2631 an zu heulen und erklärte: „ich ergebe mich!“
664 2621 1204 2656 Der Zeuge antwortete: „Das ist keine Sprache
664 2644 1203 2677 für Leute ihres Schlages“ und hielt den Atten-
664 2667 1204 2701 täter fest, bis ihm Hülfe kam. Der Zeuge hat
664 2691 1204 2727 dem Angeklagten auch gesagt, dass er jemand,
664 2714 1204 2749 der anständig darum bittet, gern ein Almosen
664 2738 1204 2774 gebe, worauf Buhse sein Vorgehen mit
665 2759 1204 2795 „widrigen Verhältnissen“ entschuldigte. Der linke
665 2783 1206 2817 Arm des Zeugen ist durch die Verwundung so-
664 2807 1206 2841 geschwächt, dass er ihn nicht ganz emporheben
664 2830 1205 2865 kann. Die in die Brust gegangene Kugel, welche
664 2854 1205 2888 die Lunge gestreift hat, hat sich dort verkapselt.
665 2877 1206 2913 — Präs.: Angeklagter, Sie hören, dass der Zeuge
664 2897 1204 2933 die Sache doch  ganz anders darstellt als Sie. —
665 2922 1205 2959 Angekl.: Ich bleibe bei meiner Aussage und bitte
664 2946 1206 2982 den Gerichtshol, doch meinen Worten auch einigen
664 2969 910 3003 Glauben zu schenken.
132 1897 646 1931 Buhse war als Wagenwäscher auf dem Schle-
108 1920 646 1954 sischen Bahnhof und zuletzt auf der Station Eich-
108 1944 646 1978 kampf beschäftigt. Er ist, wie erinnerlich sein
108 1967 646 2000 wird, am 11. Juni d. J. von der . Strafkammer
108 1991 646 2025 des Landgerichts Il wegen eines dreisten Ein-
107 2013 649 2047 bruchdiebstahls bei dem Eisenwarenhändler Otto
108 2037 649 2071 Schulz in der Potsdamer Strasse zu einem Jahre
108 2060 649 2093 Gefängnis verurteilt worden. Sein Komplice, der
107 2082 649 2116 24jährige Hausdiener Otto Richter erhielt 1 Jahr 3
109 2106 649 2141 Tage Gefängnis. Schon bei jener Verhandlung ist
108 2129 649 2164 darüber berichtet worden, wie Buhse, der den
108 2152 649 2187 Richter zufällig in Wannsee traf, diesen zur Mit-
108 2176 649 2211 gliedschaft für die angeblich bestehende Ver-
107 2200 649 2234 brecherbande „Komite der Schwarzen
108 2222 649 2257 Maske“ angeworben, ihm den Schwur zur Ver-
108 2246 649 2281 schwiegenheit abgenommen und ihm als Er-
108 2268 649 2302 kennungszeichen eine Nadel mit einem Toten-
107 2291 649 2326 kopf übergeben hatte. Aus dem Einbruchsdieb-
108 2315 649 2350 stahl fiei den beiden Verbrechern eine Beute
108 2338 649 2373 von 800 ℳ zu. Buhse kleidete sich fein ein,
107 2361 649 2397 spielte den grossen Herrn und blieb noch einige
108 2385 649 2421 Tage mit Richter zusammen, der ganz unter
108 2408 649 2444 seinem Einflusse stand und von dem Gedanken,
108 2432 649 2467 ein Mitglied der „Schwarzen Maske“ zu sein,
108 2456 649 2488 ganz beherrscht wurde. Schliesslich wurde es
110 2477 649 2512 aber Richter doch unheimlich und er benutzte
108 2501 649 2536 eine günstige Gelegenheit, um sich der Gewalt
108 2524 649 2559 des Angeklagten durch die Flucht zu entziehen.
108 2547 649 2584 Buhse aber fasste den Plan zu einem Raubzuge
108 2571 649 2606 im grossen. Er hatte sich im Hotel „West-
108 2592 649 2630 preussischer Hof“ einlogiert. Er mietete sich
108 2616 649 2653 am 10. April bei einem Fuhrherrn in
107 2639 386 2677 der Langen Strasse
497 2642 649 2677 zweispännige
378 2643 505 2674 eine
108 2663 649 2702 Equipoge und fuhr nach Wannsee hinaus,
108 2687 296 2720 wo er bei
287 2687 649 2722 drei Villenbesitzern dieselbe
108 2710 649 2746 Erpressung versuchen wollte, die er später dem
107 2734 649 2769 Kaufmann Tidemand gegenüber ausgeführt hat.
108 2757 649 2793 Auf der Fahrt nach Wannsee begegnete er einen
107 2780 649 2816 Handwerksburschen, dem er einen Platz in
107 2804 649 2840 seinem Wagen anbot. Er erzählte dem jungen
107 2826 649 2861 Manne, dass er nach Wannsee wolle, um dort
106 2850 649 2885 jemand zu „neppen“ und bestimmte den Hand-
107 2873 649 2908 werksburschen gegen eine Belohnung von 50 ℳ
107 2896 649 2932 ihm dabei behülflich zu sein. Seine Versuche, in
108 2920 649 2955 Wannsee Zutritt in die Villen des Bankdirektors
107 2942 649 2978 Nathan, des Bankiers Arons und zuletzt in die
107 2967 649 3002 des Rechtsanwalts Dr. Herzield zu erhalten,
107 2988 649 3027 schlugen fehl. Da er jedoch hörte, dass das
1234 1004 1750 1041 * Eisenach, 29. Juni. Auf Einladung des
1210 1029 1750 1064 Verbandes rheinisch-westfälischer Betriebs-
1210 1052 1750 1087 krankenkassen fand heute hierselbst eine aus ganz
1210 1076 1749 1109 Deutschland zahlreich beschickte Versammlung
1210 1098 1749 1132 von Vertretern deutscher Betriebskrankenkassen
1210 1121 1748 1157 zu einer Besprechung über die wirkungsvollere
1211 1145 1748 1180 Vertretung ihrer Interessen angesichts der be-
1210 1168 1749 1205 absichtigten Neugestaltung des Krankenkassen-
1211 1191 1750 1226 wesens statt. Den Vorsitz führte Finanzrat
1211 1214 1749 1251 Klüpfel vom Direktorium der Firma Fried. Krupp in
1211 1236 1749 1271 Essen. Unter den Teilnehmern befanden sich Land-
1211 1259 1749 1295 tagsabgeordneter, Geh. Rat. v. Böttinger-Elber-
1210 1283 1750 1318 feld als Vorstandsmitglied obiger Kasse, General-
1210 1307 1750 1341 sekretär Bueck-Berlin vom Centralverband deut-
1210 1329 1751 1365 scher Industrieller, Kommerzienrat Semlinger-
1211 1353 1751 1388 Bamberg, Vorsitzender des Verbandes süddeut-
1213 1376 1751 1412 scher Baumvollindustrieller und viele andere Ver-
1213 1400 1753 1433 treter grosser wirtschaftlicher Körperschaften aus
1213 1422 1753 1456 allen Teilen Deutschlands nebenden Abgesandten der
1213 1446 1753 1481 Krankenkassen hervorragender Industriebetriebe.
1214 1469 1754 1504 wie Vulcan-Stettin, Ver. Königs- und Laurahütte
1213 1492 1753 1527 Oberschlesien, verschiedener grosser Betriebs-
1213 1515 1753 1552 krankenkassengruppen in Berlin, Hannover,
1213 1538 1753 1575 Dresden, Hamburg u. s. f. Aus RheinlandWest-
1213 1562 1753 1598 falen hatte eine ganze Anzahl von Betriebs-
1213 1584 1754 1621 krankenkassen, die dem rheinisch-westfälischen
1214 1608 1754 1642 Verbande angehören, die Versammlung be-
1214 1631 1755 1666 schickt und dadurch ihre grosse Teilnahme für
1214 1654 1754 1689 die zur Verhandlung stehende Frage betätigt.
1214 1678 1755 1713 Nach mehrstündigen Verhandlungen, in denen sich
1214 1702 1755 1736 eine völlige Uebereinstimmung über das gemein-
1216 1722 1756 1759 same Ziel bekundete, erklärte sich die aus 125
1216 1746 1756 1781 Teilnehmern bestehende Versammlung einstimmig
1216 1770 1756 1805 für die Errichtung eines Verbandes
1216 1793 1756 1828 deutscher Betriebskrankenkassen und
1216 1817 1756 1855 beauftragte einen aus 9 Personen bestehenden
1216 1840 1756 1875 engeren Ausschuss zur Ausarbeitung einer
1216 1864 1756 1898 Satzung, die dann einem weiteren Ausschuss zur
1216 1887 1755 1923 endgültigen Beschlussfassung unterbreitet wer-
1216 1910 1756 1945 den soll, um den Industriellen mit der Auf-
1216 1932 1756 1967 forderung zum Beitritt zu dem so geschaffenen
1216 1956 1757 1990 Verbande zuzugehen. In den engeren Ausschuss
1216 1979 1757 2015 wurden gewählt drei Vorstandsmitglieder des
1216 2003 1759 2038 rheinisch-westfälischen Verbandes und je ein
1217 2025 1757 2060 Vertreter von Hamburg. Oberschlesien, Süd-
1216 2050 1757 2083 deutschland und Hessen-Nassau, während je eine
1216 2073 1759 2107 Stelle für die Vertretung Mitteldeutschlands und
1216 2096 1759 2129 der Reichshauptstadt offengehalten wurde. In
1216 2117 1759 2153 den Hauptausschuss sollen 30—40 Vertreter der be-
1216 2142 1760 2179 teiligten Kreise berufen werden, nämlich ausser
1218 2165 1760 2200 den vorbezeichneten neun noch Mitglieder aus
1218 2189 1760 2223 den verschiedensten Bezirken und Industrien
1218 2212 1760 2246 Deutschlands. Grossen und verdienten Beifall
1218 2236 1761 2270 fand der von dem Leiter der Versammlung
1218 2258 1760 2293 erstattete eingehende Bericht über die Notwendig-
1218 2282 1761 2315 keit eines Zusammenschlusses der Inhaber von
1218 2304 1759 2339 Betriebskrankenkassen zur wirksamen Geltend-
1218 2327 1760 2365 machung ihres Standpunktes gegenüber den
1218 2352 1761 2389 gesetzgebenden Körperschaften und in der
1218 2374 1761 2409 Oeffentlichkeit, die vielfach durch einseitige
1218 2398 1761 2432 und vorurteilsvolle Darstellungen, betreffend
1218 2421 1760 2456 eine Reform des Krankenkassenwesens, be-
1218 2445 1761 2480 einflusst sei. Die grossen Leistungen und
1218 2468 1761 2501 der gute Stand der Betriebskrankenkassen
1220 2490 1761 2527 und ihre Ueberlegenheit in dieser Beziehung
1218 2514 1761 2549 wurde ziffermässig dargetan und der Nachweis
1218 2538 1761 2573 geliefert, dass das selbständige Fortbestehen dieser
1218 2562 1760 2596 Kassen in jeder Beziehung eine berechtigte wirt-
1218 2585 1760 2620 schaftliche Forderung ist, da sie, amtlichen Aus-
1221 2609 1761 2643 weisen zufolge — und zwar dank der Opfer-
1220 2631 1761 2666 willigkeit und der Fürsorge der Kassen-
1372 2655 1760 2687 den Krankenversicherten durch-
1220 2656 1379 2689 inhaber —
1221 2678 1761 2711 schnittlich erheblich mehr leisten und bedeutend
1221 2702 1761 2735 weniger kosten, als die Ortskrankenkassen. Der
1220 2726 1761 2759 vortreffliche Bericht, der auf einmütigen Wunsch
1220 2748 1761 2782 der Versammlung demnächst der weitesten Oeffent-
1218 2772 1762 2806 lichkeit zugänglich gemacht werden soll, wird
1221 2795 1762 2830 jeden, der sich über die 11 2 Millionen Arbeiter
1220 2819 1763 2853 angehende Krankenversicherung ein zutreffendes
1221 2842 1729 2877 Bild machen will, hierzu in den Stand setzen.
657 443 1196 478 Bureau des Rechtsanwalts sich in der Luisen-
657 467 1196 503 strasse 22 befände, gab er dem Kutscher den
656 490 1196 525 Befehl, ihn dorthin zu fahren. Als er in
657 513 1196 547 der Luisenstrasse anlangte, belehrte ihn ein
657 537 1196 569 Schild, dass das Rechtsanwaltsbureau nach der
657 558 1196 593 Königgrätzerstrasse 87 verlegt sei. Er fuhr so-
657 582 1196 616 fort dorthin, fand jedoch das Bureau bereits ge-
657 605 1196 640 schlossen. Er wollte aber nicht ganz unnütz seinen
657 629 1196 664 Plan aufgebaut haben und so klingelte er denn
657 652 1196 688 an der gegenüberliegenden Tür des Kaufmanns
658 674 1196 707 Tidemand. Es war ungefähr 9 Uhr abends. Als
657 696 1193 733 Herr T. auf das Klingeln öffnete, erklärte Busse,
657 719 1193 755 dass er ihn gern sprechen möchte und Herr T.
657 743 1193 778 liess den jungen Mann in sein Kontor treten. Dort
657 767 1193 802 übergab Buhse Herrn T. einen Brief, der, wie er sagte,
657 790 1193 824 diesem nicht sehr angenehm sein würde. Der
657 813 1193 848 Brief hatte folgenden Inhalt: „Sie werden auf-
657 834 1193 871 gefordert, dem Ueberbringer dieses 500, in
658 857 1193 892 Worten fünfhundert Mark zu übergeben. Zu-
658 881 1193 917 widerhandlungen werden mit dem Tode bestraft.
658 905 1193 939 Sie werden überwacht. Hüten Sie sich! Das
1049 927 1196 959 Beschlossen
658 929 1057 963 Komitee der Schwarzen Maske. —
658 950 1196 987 Berlin, 10. April 1907.“ — Während der alte
658 974 1196 1007 Herr diese Zeilen las, hatte sich Buhse
658 995 1196 1031 eine schwarze Maske vorgesteckt. Als Herr T.
658 1020 1196 1057 ihn fragte, ob er denn verrückt sei, kommandierte
658 1043 1196 1077 Buhse kaltblütig: „Hände hoch!“ und gab auf
658 1066 1196 1101 Herrn Tidemand aus einem Revolver drei Schüsse
658 1090 1196 1124 ab. Die erste Kugel drang in die Lunge, der
658 1113 1196 1148 zweite Schuss, den Buhse abgab, alss Herr T. sich
658 1136 1193 1171 auf ihn stürzte, ging diesem in den linken Oberarm.
658 1160 1196 1193 Herr T., ein kräftiger Mann, drang nun entschlossen
658 1184 1196 1216 auf den Mordgesellen ein und es kam zu einem
658 1205 1196 1240 Ringen. Hierbei schoss Buhse zum dritten Mal
658 1229 1196 1264 und die Kugel ging Herrn T. durch den linken
658 1252 1196 1286 Unterarm. Schliesslich gelang es Herrn T.,
659 1275 1196 1310 den Angeklagten niederzuwerfen. Dabei ent-
658 1296 1196 1333 lud sich der Revolver und die Kugel streifte
658 1320 1113 1354 den linken Handrücken des Buhse.
1138 1322 1196 1353 Nun
658 1343 1196 1378 schlug dieser mit dem Kolben des Revolvers
659 1367 1196 1403 mehrmals nach der Schläfe seines Gegners, bis
659 1391 1196 1425 es diesem gelang, ihm den Revolver zu ent-
659 1414 1196 1448 reissen. Auf seine Hülferufe waren einige Schutz-
661 1438 1196 1471 leute und Passanten herbeigeeilt und nahmen den
661 1461 1196 1493 Räuber fest. Als der noch immer auf der Strasse
661 1484 1196 1517 wartende Handwerksbursche merkte, dass die Sache
661 1508 1196 1540 kritisch wurde, sprang er schleunigst aus dem
661 1530 1196 1563 Wagen und entfloh. Er ist nicht ermittelt worden.
664 1553 1196 1588 Auf Befragen des Vorsitzenden erklärt der An-
661 1576 1196 1610 geklagte: er habe in Charlottenburg die 11. und
662 1600 1196 1634 12. Gemeindeschule bis zur 2. Klasse besucht,
661 1623 1197 1655 dann sei er bei einem Friseur in die Lehre gekom-
661 1646 1198 1678 men, nach einem halben Jahre habe er diese Lehre
661 1668 1198 1703 verlassen, weil sein Lehrherr das Geschäft aufgab.
662 1691 1198 1726 Der Angeklagte schildert nun den Ueberfall auf
664 1715 1198 1749 Herrn Tidemand im allgemeinen so, wie er oben
664 1738 1198 1773 dargestellt ist. — R.-A. Dr. Loewenthal: Wollte
662 1761 1198 1796 der Angeklagte denselben Erpresserbrief auch
662 1785 1201 1819 dem Rechtsanwalt Herzfeld vorweisen? — Angekl:
661 1808 758 1840 Ja. —
748 1808 1201 1841 Vert.: Hatten sie während der Fahrt
662 1830 1199 1865 etwas getrunken? — Angekl.: Ja, zwei Flaschen
661 1853 1201 1888 Portwein. R.-A. Dr. Loewenthal legt eine ganze
662 1877 1201 1912 Anzahl von Produkten der Hintertreppen-Literatur
662 1901 1201 1934 vor und betont, dass der Angeklagte viele Bücher
662 1924 1201 1957 dieser Art gelesen und darin den Ausdruck „Hände
662 1947 1201 1981 hoch!“ und einen ähnlichen Text, wie er ihn in
664 1970 1201 2003 seinem Briefe angewendet, wohl vorgefunden habe.
664 1994 1201 2027 Unter den vorgelegten Werken befindet sich ein
664 2016 1201 2050 in vielen Fortsetzungen erscheinendes unter dem
664 2039 1201 2074 Titel „Das Geheimnis der roten Maske“, ferner
664 2063 1201 2099 „Sherlok Holmes“, „Der Falschmünzer“ etc.
664 2086 1201 2121 — Präs.: Haben Sie denn eine besondere
664 2108 938 2144 Vorliebe für solche
929 2109 1108 2143 Lektüre? —
1101 2110 1201 2145 Angekl.:
664 2132 1201 2165 Ja, ich halbe solche Bücher immer ver-
664 2154 1201 2189 schlungen. Ich habe viele in den Eisenbahnwagen
664 2180 1201 2215 gefunden, wenn sie von den Reisenden zurück-
664 2202 1201 2237 gelassen waren und habe mir auch solche von
664 2225 1201 2260 anderen Personen geborgt. — Der Sachverständige
664 2249 1202 2283 Dr. Bondi erklärt auf Befragen des Verteidigers,
664 2272 1203 2307 dass solche Hintertreppen-Romane, die in ganzen
664 2296 1203 2329 Serien erscheinen, viel verbreitet sind und von
664 2319 1203 2353 der Jugend viel gelesen werden, namentlich die
664 2342 967 2373 10 Pf.Heſtchen dieser Art.
1667 371 1715 407 11
138 376 220 412 1907
1395 2914 1586 2952 Literarisches.
262 1481 489 1533 Gerichtssaal.
688 376 1145 415 Berliner Börsen-Zeitung No. 302
1307 443 1653 492 Handelsnachrichten.
