2400 3482
2070 2367 2092 2392 *
2136 2423 2218 2454 Ruhig.
1874 2445 2225 2491 *) Forderungen der Raffinerien.
1035 1187 1182 1229 (C. T. C.)
653 1198 1029 1249 Rie de Janciro, 29. Juni.
630 1242 734 1277 Feiertag.
1869 2364 1974 2398 Tendenz
1845 2383 2094 2424 Gem. Ralfinade l1.
1916 2407 2011 2442 Melis!
2012 2417 2067 2437 * *
1869 2429 1978 2467 Tendenz
2256 2241 2396 2281 d. B. B.- Z.)
2270 2269 2360 2303 1. Juli.
2266 2293 2373 2326 Notizlos.
2267 2318 2373 2351 Notizlos.
2248 2340 2396 2376 Geschäftslos.
2252 2364 2392 2400 19,00 — 19,25*
2254 2385 2392 2424 18,50—18,75*
2283 2413 2368 2448 Ruhig.
1336 3055 1865 3108 Middelsbrough, 29. Juni. (Bericht über
1310 3078 1865 3134 Kohle u. Eisen von H. Ronnebeck). Roheisen. Der
706 1451 1198 1511 Danzig, 29. Juni. (Getreidezufuhr per
645 1473 1201 1538 Bahn.) Inländisch 1 Waggon Hafer. — Auslän-
670 1483 715 1509 —
648 1505 1084 1562 disch 11 Waggons: Gerste 1, Kleie 10.
2118 2249 2260 2287 (Priv.-Tel.
1860 2257 2129 2302 Magdeburg, 1. Jul.
2117 2276 2223 2311 29. Juni.
1840 2289 1990 2326 Zuckerbörse.
2118 2301 2224 2334 Notizlos.
1840 2308 2092 2350 Kornzucker Rend. 88 b5
2120 2325 2225 2360 Notizlos.
1841 2331 2092 2373 Nachprod. Rend. 755
2151 2349 2210 2383 still.
2110 2371 2241 2407 19,00 —19,25
2111 2395 2241 2429 18,50—18,75
1829 1649 2358 1706 Oer Maismarkt verkehrte heute ohne be-
2308 1671 2361 1704 der
1805 1674 2317 1731 sondere Anregung und unter dem Einfluss
2304 1694 2361 1725 die
1805 1696 2321 1753 matten Haltung des Weizenmarktes gaben
1808 1731 2133 1776 Preise um 1½ bis 1 c. nach.
794 3098 2378 3203 Für die Redition verantwelich: R. iedeman, Berlin — Druck der „Beriner Bürssen-Zoitung, Drunkerei und Verlag“, Ces. m. b. I, Dor
1188 3138 1989 3206 Expedition der „Berliner Börsen-Zeitung“, Berlin W., Kronenstrosse 37.
1317 2695 1844 2751 Hamburg, 1. Juli, vormittags 10 Uhr.
1293 2716 1846 2778 (C. T. C.) Kuflee. (Vormittagsbericht.] Good
1296 2742 1846 2801 average Santos per September 28 ¾ Gd., per De-
1296 2764 1846 2823 zember 29 Gd., pr. März 29 ½ Gd., per Mai
1296 2808 1495 2848 29 1/½ Gd. Ruhig.
694 1307 1190 1369 Königsberg i. Pr.. 29. Juni. (Getreide-
640 1332 1193 1395 zufuhr per Bahn.) — 6 Roggen. 2 — Gerste,
659 1341 700 1367 —
637 1356 1193 1419 2— Erbsen, 2½— Bohnen, 2 — Mais. —/1 Lupinen,
640 1380 1196 1443 1/— Leinsaat; dazu kamen noch 4 Waggons
640 1402 1196 1466 Kleie, 10 Waggons Kuchen und 3 Waggons
642 1456 743 1490 Diverse.
1853 2054 2382 2111 Liquidationen und Abgaben der Kommissions-
1827 2076 2384 2135 häuser auf die günstiger lautenden Witterungs-
1829 2099 2385 2159 berichte aus den westlichen Maisgebieten, sowie
1829 2125 2387 2183 die Mattigkeit des Weizenmarktes und die ge-
1832 2145 2390 2208 ringen Verschiffungen führten am Maismarkt
1834 2175 2309 2229 eine Abschwächung um 1/2—38 c. herbei.
2134 1483 2348 1524 (C. T. C.) Am
1816 1497 2132 1539 New-York, 29. Juni.
1794 1504 2349 1566 heutigen Weizenmarkt wirkten spekulative Ab-
1797 1528 2350 1589 gaben im Zusammenhang mit günstig lautenden
1798 1551 2351 1611 Witterungsberichten, sowie umfangreiche Liqui-
1800 1576 2355 1635 dationen per Juli stark abschwächend, so dass
1800 1599 2356 1661 die Preise 21¼—1 ¾ c. von ihrem gestrigen Stand
1802 1650 1908 1682 verloren.
1874 2460 2405 2516 Tfermine: August 19,60, Oktober-Dezember 18,95,
1851 2484 2399 2541 Januar-März 19,15, Mai 19,50. — Tendenz: Ruhig.
2163 2508 2405 2549 vormittags 10 Uhr.
1876 2521 2171 2564 Gramburg, 1. Juli.
1854 2531 2405 2590 (C. T. C.) Zuckermarkt. (Anfangsbericht.] Rüben-
1856 2556 2405 2615 Rohzucker 1. Produkt Basis 88 % Rendement
2243 2580 2405 2619 Hamburg pr
1857 2587 2251 2638 neue Usance, frei an Bord
2246 2604 2405 2645 pr. Oktober
1858 2611 2254 2662 Juli 19,50, pr. August 19,55,
1860 2626 2405 2687 19,05, pr. Dezember 18,95, pr. März 19,25
1861 2666 2115 2712 pr. Mai 19,45. Ruhig.
1325 2815 1851 2871 Antwerpen, 29. Juni. (Olfizielle Preis-
1299 2836 1852 2896 notierungen von Kurth, Weylmunn & Co.) Für
1299 2860 1854 2919 La Plata Kammzug Type B: Juli 5,95, August
1301 2885 1854 2944 5,82 ½, September 5,80, Umsatz 5000 kg. Oktober
1301 2910 1854 2969 5,77 12, November 5,67 1/2, Dezember 5,62 2, Um-
1302 2934 1857 2991 satz 5000 kg, Januar 5,57 ½, Umsatz 10 000 kg,
1304 2957 1859 3016 Februar 5,50, Umsatz 10 000 kg. März 5,50, Um-
1306 2982 1860 3039 satz 10 000 kg, April 5,47 /½, Umsatz 10 000 kg,
1307 3005 1862 3061 Mai 5,45. Stimmung: Behauptet. Total-Umsätze
1309 3048 1526 3086 Type B 50 000 kg.
639 907 1169 966 Wien, 1. Juli. vormittags 10 Uhr 50 Min.
616 928 1172 992 (C. T. C.) Einh. 4 % Rente M./N. p. Arr. 97,80,
616 954 1172 1016 Oesterr. 45 Rente in K.-W. pr. ult. 97,80, Ungar.
617 975 1172 1039 4 % Goldrente 111,20, Ungar. 4 %% Rente in K.-W.
618 999 1174 1063 92,80, Türkische Lose per M. d. M. 184,25,
620 1024 1177 1086 Oesterr. Staatsbahn per ult. 657,50 excl., Südbahn-
622 1047 1177 1110 Ges. 137,75, Wiener Bankverein 535,00, Oesterr.
622 1071 1177 1134 Creditanstalt per ult. 650,50, Ungar. allg. Credit-
623 1093 1180 1158 bank 750,00, Oesterreichische Länderbank 435,00,
627 1119 1181 1181 Alpine-Montan - Gesellschaft 577,50, Deutsche
628 1140 1182 1203 Reichsbanknoten pr. ult. 117,85. Unionbank 534,50,
628 1167 1150 1229 Prager Eisenindustrie-Gesellsch. 2560. Ruhig.
1832 1742 2366 1800 Chicago, 29. Juni. (C. T. C.) Der
1810 1766 2366 1826 Weizenmarkt verkehrte heute in ausgesprochen
1811 1790 2367 1850 matter Haltung. Juliware verlor gleich zu Be-
1813 1813 2369 1874 ginn 1 c. infolge umfangreicher Abgaben seitens
1813 1836 2371 1896 der Spekulation und der Kommissionsfirmen auf
1816 1860 2372 1920 Meldungen über Regen im Nordwesten und
1816 1884 2373 1944 klares Wetter im Südwesten des Landes. Auch
1816 1909 2374 1969 die Mattigkeit der inländischen Produktenmärkte
1818 1932 2375 1993 wirkte drückend. Ferner verstimmte die Er-
1820 1955 2377 2016 wartung umfangreicher Andienungen per Juli für
1822 1980 2377 2039 nächsten Montag und unter dem Druck von
1823 2003 2380 2065 Liquidationen von Juliware verloren die Preise
1824 2033 2273 2088 2 8 — 2 ⅛ c. von ihrem gestrigen Stand.
995 557 1067 589 346 B
597 560 1005 614 Aktien-Bierbrauerei in Hemburg .
995 580 1070 612 152 B
597 589 1005 638 Marienthaler Bierbrauerei kl.
999 599 1094 636 187,10 B
597 620 801 662 Holsten-Brauerei
794 622 819 649 *
999 628 1063 658 94 B
600 640 821 685 Germania-Brauerei
1001 645 1097 682 152,10 B
833 651 884 674 *
600 668 787 709 Hansa-Brauerei
1004 673 1073 708 1616
600 686 855 733 Hollersche Carlshütte
602 706 884 754 Wintersche Papierfabrik
1007 719 1078 752 15 1 bz.
602 729 908 780 Nobel Dynamite Trust Co.
1007 743 1077 776 157 B
604 751 971 802 Chem. Fabr. Harburg--Stassfurt .
1008 767 1078 800 165G
605 770 1009 825 Flensburger Schiffsbau-Gesellschaft
1012 790 1078 823 120G
608 803 892 849 Reiherstieg Schifflswerft.
1012 813 1081 847 116 B
608 815 1010 873 Nordd. Jute-Spinn. & Web. 6 Worz.-A.
1013 837 1081 871 1186
610 848 949 896 Jute-Spinn. Hamburg-Harburg
1022 860 1083 894 57G
610 878 866 923 Baltische Mühlen-Ces.
963 879 989 903 *
1013 885 1105 916 109,95 bz.
612 891 988 943 Anglo-Cont. Guano-Werke kl..
2046 2713 2405 2760 27. Juni. (Bericht der Herre
1888 2730 2045 2769 Bradford,
1864 2737 2405 2795 Wood, Hentzen & Schlundt, Bradford, mitgetei
1866 2760 2405 2817 von Wood, Hentzen & Schlundt in Leipzig
1869 2786 2405 2843 Der Markt in Bradford verlief entschieden heu-
1872 2809 2405 2867 sehr ruhig und haben seit dem letzten Marktte
1872 2833 2405 2890 am Montag nur wenig Umsätze stattgefunde
1872 2856 2405 2915 Merlnos und feine Crossbreds sind im Prei
1874 2881 2405 2939 vollständig unverändert bei regelmässigen, wei
1874 2905 2405 2963 auch sehr kleinen Umsätzen. Mittlere und g
1877 2929 2405 2988 ringe Crossbreds sind im Preise entschied
1877 2953 2405 3010 wieder etwas zugängiger und wurden versch
1880 2977 2405 3036 dentlich von Seiten der Zugmacher Aufträ
1880 3002 2405 3059 unter Tagespreisen hereingenommen. Für ei
1882 3024 2405 3084 lische Wollen sind die Preise unverändert, U
1883 3054 2337 3107 sätze fanden aber so gut wie nicht statt.
676 1598 1206 1663 Berlin, 29. Juni. (Wochenbericht über Stärke
653 1622 1209 1691 und Stärkelabrikate von Max Sabersky.) Der Ver-
653 1645 1212 1716 kehr in Kartoffelfabrikaten bleibt andauernd
1097 1669 1212 1706 Es sind
654 1678 1075 1740 still, Preise sind gut behauptet.
657 1694 1214 1762 zu notieren: la Kartoffelstärke 18 1⁄2—19 ℳ,
658 1717 1214 1784 la Kartoffelmehl 18 1⁄½ —19 ℳ, 1 Kartoffelmehl
661 1742 1217 1808 15— 17. ℳ, Gelber Syrup 20 ⁄4 — 21¼ M, Cap. Syrup
662 1766 1217 1832 21 ½ — 24 ¾ ℳ, Export-Syrup 22 ¼ — 22 ¾ ℳ, Kar-
663 1789 1220 1855 toffelzucker, gelb. 21 ½ — 21 ¾ Mark, do. cap.
665 1813 1220 1882 21 ¾ — 22 ½ ℳ, Rumcouleur 35 — 36 ℳ. Bier-
666 1836 1222 1902 couleur 34 — 35 ℳ, Dextrin, gelb und weiss la
668 1860 1225 1926 24 — 24 ½ ℳ, do. secunda 21 1½ — 22 ½ ℳ, Hallesche,
669 1883 1225 1950 Schlesische 41— 41 ½ ℳ, Weizenstärke, klstg., 37
671 1908 1225 1974 bis 39 ℳ, do. grossstg. 40 — 41 ℳ, Reisstärke,
674 1932 1228 1998 Strahlen 46 —47 ℳ, do. Stücken 46 — 47 ℳ,
675 1955 1230 2023 Schabestärke 33 — 35 ℳ, la Maisstärke 33 — 35 ℳ,
676 1981 1230 2047 alles per 100 kg ab Bahn Berlin bei Partien von
677 2024 910 2069 mindestens 1000 kg.
1571 2185 1814 2227 (Bericht über Chile-
1286 2198 1556 2242 Hamburg, 29. Juni.
1264 2209 1817 2269 Salpeter von Bd. Blumenfeld.) Die Preise blieben
1264 2233 1817 2293 in der verflossenen Woche bei geringen Umsätzen
1264 2257 1820 2316 ohne nennenswerte Veränderungen. 95 6 Salpeter.
1266 2280 1820 2340 Prompt 10,80 ℳ, Juli-August 10,80 ℳ, August-
1269 2304 1822 2365 September 10,87 ½, September-Oktober 10,92 ½ ℳ,
1272 2328 1825 2387 Januar   Februar 1908 11,15 ℳ, Febr.-März 10,20 ℳ.
1272 2353 1825 2411 März 11,25 ℳ, März-April 11,20 ℳ. Zahlung per
1274 2375 1825 2437 Kassa hier abz. 1 9 Dekort. Raffinierter Sal-
1275 2397 1828 2460 peter, enthaltend minimal 96 % Natron, maximal
1277 2424 1828 2482 1 % Salz. Prompt 11,60 ℳ, per Juli-August 11,60 ℳ,
1277 2448 1830 2508 September-Oktober 11,60 ℳ. (Rotterdam. 95 %
1277 2472 1830 2531 Salpeter. September-November 11,10 ℳ, Februar-
1280 2496 1833 2554 März 1908 11,25 ℳ. Tara 1 kg. Raffinierter
1281 2520 1833 2578 Salpeter (minimal 96 % Natron, maximal 1 % Salz).
1282 2544 1836 2602 Juli-August 11,65 ℳ, September-Oktober 11,65 ℳ.
1283 2567 1836 2626 Tara 0,70 (. Schwefelsaures Ammoniak, Basis
1285 2592 1838 2650 25 % Ammoniak. Prompt 12,40 ℳ, September-
1286 2616 1838 2674 Oktober 12,50 ℳ, Frühjahr 1908 12,70 ℳ pr.
1288 2640 1841 2697 50 kg franko Kaiwaggon Hamburg Tara 1 kg,
1288 2682 1501 2723 Kassa 1 % Dekort.
1738 491 2286 549 Roheisenmarkt begann diese Woche in ziemlich
1738 513 2289 574 flauer Stimmung. Preise besserten sich aber und
1738 537 2290 598 schliessen ziemlich fest ab. Berichte aus Amerika
1741 561 2292 621 machen hier weitere Verkäufe dahin unwahr-
1741 581 2294 644 scheinlich, jedoch wird mehr — und ziemlich
1744 608 2294 666 viel — nach Deutschland verkauft. Prompte
1744 631 2297 688 Verschiffungen stossen bei den starken Ab-
1744 656 2297 715 ladungen noch immer auf Schwierigkeiten,
1746 680 2300 736 wenn auch einige Erleichterung eingetreten ist.
1749 703 2300 760 Hematit-Eisen ist für Juli-August schwer erhält-
1838 727 2302 778 No. 1 Giesserei-Eisen bleibt knapp.
1752 751 2302 807 Heutige Preise für Juli-August ab Werk, Marken
1749 752 1845 783 lich.
1752 772 2305 831 in Verkäufers Wahl No. 3 57 sh., Hematit in
1754 795 2305 855 gleichen Quantitäten 1, 2, 3 81 sh. 6 d. Hiesige
1755 820 2305 877 No. 3 Warrants 56 sh. 312 d. Kasse Käufer.
1755 843 2308 900 Verschiffungen betragen 157 500 to, d. i. zirka
1757 866 2313 925 17 000 to mehr als vom 1. bis 28. Mai. In
1758 889 2313 949 Connals hiesigen Lagern befinden sich: 271 122
1760 913 2315 972 Tons, davon sind 260 075 10 No. 3 und
1762 937 2318 996 10 897 to Standard Qualitäten. Abnahme seit
1762 961 2317 1022 Mai 51 104 to. Kohlen. Der Neweastler Kohlen-
1763 982 2318 1045 markt ist nach jeder Richtung hin fest. Während
1765 1008 2320 1067 der Rennfeiertage in dieser Woche trafen viele
1766 1033 2321 1092 Dampfer ein und vom Auslande kamen
1768 1056 2323 1115 Anfragen für bedeutende Quantitäten Dampf-
1768 1080 2325 1139 kohlen. Die Nachfrage für Dampfkleinkohlen
1770 1102 2326 1160 und Durham Gaskohlen lässt nicht nach. Die
1770 1125 2327 1187 Northumberland und Durham Gruben haben sterk
1773 1149 2329 1212 gebucht für Juli-Verschiffung, und die Verhält-
1774 1172 2329 1232 nisse im allgemeinen deuten auf noch höhere
1888 1196 2331 1251 Für Schottland trifft vorstehendes
1776 1220 2332 1280 ebenfalls zu. Die schwedischen Staatsbahnen
1776 1224 1878 1257 Preise.
1778 1244 2333 1304 kamen diese Woche mit Anfragen für weitere
1781 1268 2336 1331 grosse Quantitäten Dampikohlen, und man er-
1781 1291 2337 1351 wartet, dass Fileshire-Qualitäten gekauft werden.
1781 1315 2339 1375 Ich notiere für prompte Verladung: D. C. B.
1784 1339 2341 1398 Dampfkohlen 15 sh., Sekunda Qualitäten 14 sh. 6 d.,
1786 1363 2342 1422 Dampikleinkohlen 10 sh. bis 10 sh. 6 d., beste
1786 1386 2344 1445 Durham Gaskohlen 14 sh. 6 d. bis 15 sh., Sekunda
1787 1410 2345 1471 Qualitäten 13 sh. 6 d., bester Giessereikoks 25 sh.,
1789 1434 2345 1494 bester Gaskoks 16 sh. 6 d., alles ſob der be-
1792 1470 2132 1517 treffenden Verschiffungshäfen.
702 2028 1233 2093 Stettin, 29. Juni. Heringe. Die Ankünfte
681 2051 1235 2116 von Matjesheringen in der verflossenen Woche
682 2075 1236 2142 beliefen sich auf 8852 To., der Gesamt-Import
683 2099 1238 2165 erhöht sich dadurch auf 9738 To. gegen 13 209 To.
686 2123 1238 2189 im vergangenen Jahre und gegen 8622 To. im
687 2147 1241 2213 Jahre 1905. Die Preise für Matjes sind im
688 2169 1244 2237 ganzen unverändert. Downingsbay erzielten 100
689 2193 1244 2260 bis 105 ℳ, Mediums 60 — 70 ℳ. Castlebay 70 bis
689 2219 1246 2285 90 ℳ, Stornoway 70 — 80 ℳ, Shetland 45 — 50 ℳ
692 2243 1246 2306 versteuert. — Von Shetland und der Ostküste
694 2267 1249 2330 trafen bis jetzt im ganzen 15 250 To. ein. gegen
696 2289 1249 2354 15 284 To. in 1906 und 3492 To. in 1905. In
698 2313 1249 2378 diesen Sorten Heringen entwickelte sich ein sehr
698 2339 1252 2402 lebhaftes Geschäft und der grösste Teil der an
700 2363 1254 2425 den Markt gekommenen Partien liess sich von
701 2385 1254 2450 Bord begeben. Shetland -Largefulls wurden
702 2411 1257 2474 mit 38 — 40 ℳ bezahlt, halbe Tonnen er-
704 2433 1257 2496 zielten 40 —42 ℳ, Fulls 33 — 35 ℳ, halbe
963 2457 1260 2502 Mediumfulls 30 — 32 ℳ,
706 2475 961 2520 Tonnen 34—37 ℳ.
706 2481 1260 2544 Matties 29 — 29,50 ℳ. Ostküsten-Mediumfulls 28
708 2504 1262 2568 bis 29 ℳ, halbe Tonnen 30 — 33 ℳ, Mattes 23 bis
708 2529 1264 2593 26 ℳ unversteuert. Vorjährige Hochseefulls
710 2552 1265 2615 worden auf 15,50 ℳ unversteuert gehalten. Mit
712 2576 1268 2639 den Eisenbahnen wurden vom 19. bis 25. Juni
712 2601 1268 2663 2535 To. Heringe versandt, mithin beträgt der
716 2623 1268 2685 Total-Bahnabzug vom 1. Januar bis 25. Juni
714 2648 1270 2711 77 216 To. gegen 64 152 To. in 1906 und 67 432 To.
716 2674 1270 2736 in 1905 im gleichen Zeitraum. Im Waren-
717 2696 1273 2760 geschäft hat sich in der verflossenen Woche, was
720 2720 1273 2781 den Verkehr anbelangt, wenig verändert; für
720 2746 1273 2807 Heringe besteht nach wie vor rege Nachfrage.
723 2768 1276 2830 Alkalien. Potttasche, deutsche, 18 bis 21 ℳ nach
724 2794 1278 2854 Qualität und Stärke. Soda, krystallisierte deutsche,
725 2818 1278 2878 3,15 ℳ in Säcken gef. Fettwaren. Baumöl sehr
725 2840 1281 2902 fest; Malaga geräumt, Smyrna 43,00 — 43,50 ℳ,
729 2864 1281 2925 Algier 43 — 43,50 ℳ per 50 kg trans.; Speiseöl
729 2890 1284 2947 60 — 70 ℳ. Palmöl Lagos 34,50 ℳ versteuert;
730 2912 1284 2974 Palmkernöl 38,50 ℳ verst.; Baumwollsamenöl
731 2936 1286 2997 englische denaturierts 41,00 ℳ versteuert;
731 2962 1289 3022 Kokosnussöl, Cochin 45,50 ℳ, Ceylon 42,50 ℳ
734 2984 1289 3045 versteuert in Fässern, in Barrels 1 ℳ
734 3008 1289 3071 per 100 kg teurer; Talg, australischer und engli-
735 3032 1292 3091 scher 41—44 ℳ versteuert nach Qualität; Olein
736 3056 1292 3115 infolge der hohen Rohmaterialpreise sehr fest,
737 3079 1294 3139 Motard 33,50 — 34,00 ℳ, hiesiges 33,00 — 33,50
738 3104 1294 3163 Mark; Leinöl Juni-Dezember 27,00 ℳ. Alles
1668 523 1721 554 Die
1440 525 1676 566 Schweineschmalz.
1170 539 1450 580 pr. 50 kg netto. —
1170 545 1721 606 Kurse der Woche zeigten diesmal im allgemeinen
1170 568 1724 626 eine steigende Tendenz; wenngleich auch die
1170 592 1724 650 Erhöhungen zweimal durch Rückgänge unter-
1173 615 1724 674 brochen waren, so weisen doch die Chicagoer
1176 639 1726 699 Notierungen am Ende der Woche einen Gewinn
1176 662 1729 723 von 20 Points für Juli, 25 Points für September
1176 686 1729 746 und 30 Points für Oktober auf. Demgegenüber
1178 707 1729 770 waren die Schweinepreise in Chicago 15
1258 731 1732 790 20 Points niedriger, als vor acht
1277 755 1732 810 Es wurden auch in dieser Woche viel¬
1179 759 1268 793 resp.
1181 779 1734 838 fach Abschlüsse zustande gebracht, da sich die
1181 782 1287 816 Tagen.
1184 802 1734 862 Ueberzeugung Bahn bricht, dass noch viel Bedarf
1184 826 1737 888 für die Konsummonate zu decken ist. Gefordert
1185 850 1737 911 wurden für Choice Western Steamschmalz 50 ℳ
1186 874 1740 933 verzollt, für Purelard in Tierces 50,75 ℳ verzollt,
1186 898 1740 956 in Firkins 45,75 ℳ, in Firkins 51,25 ℳ verzollt. —
1189 919 1742 980 Deutsches Kunstspeisefett in Tierces 45,75 ℳ. in
1190 945 1742 1004 Firkins 46,25 ℳ, in Tubs 47,25 ℳ. — Tran ruhig,
1192 970 1745 1027 heller Kopenhagener 25,50 ℳ versteuert, brauner
1192 992 1745 1052 Kopenhagener 25 ℳ versteuert, hellblank Berger
1193 1016 1748 1075 25 ℳ verst., heller norwegischer 24,00 ℳ verst.,
1194 1040 1748 1099 braun blank Berger 23,50 ℳ verst., braun Berger
1197 1063 1750 1124 Leber- 20,00 ℳ verst. gef. — Gewürze. Pfeffer
1197 1087 1750 1146 ruhig, schwarzer Singapore. 48,00 ℳ, weisser
1200 1110 1753 1171 Singapore 65,00 ℳ gefordert; Piment ruhig,
1200 1135 1755 1194 gereinigt 31,00 ℳ, courant 29,00 ℳ gefordert;
1202 1158 1756 1215 Cassia lignea selected 52,00 — 61,00 ℳ nach
1203 1182 1758 1241 Qualität; Cassia flores 120 ℳ; Lorbeerlaub,
1204 1206 1758 1263 stielfreies, 16 ℳ; Macisnüsse 115 bis 255 ℳ,
1205 1228 1758 1287 Macisblüten 230 — 295 ℳ; Kanehl, Ceylon, 87 bis
1206 1252 1758 1310 225 ℳ, Kardamom 190 — 195 ℳ; Nelken fest,
1208 1276 1761 1335 Zanzibar, 87,00 ℳ gefordert. Alles per 50 kg
1209 1300 1764 1359 transito. — Harz ohne Veränderung. Notierungen:
1210 1323 1764 1383 good strained 22,00 ℳ, Marke E 22,25 ℳ, F 23 ℳ,
1211 1347 1766 1405 G 23,25 ℳ, H 23,75 ℳ, J 24,50 ℳ. Alles per
1214 1370 1766 1431 100 kg. Tara 14 %. Französische hochfeine Ware
1216 1394 1769 1453 unverändert 36,00 ℳ pro 100 kg Tara nach Faktura
1216 1418 1769 1476 d. i. 6 %. Kaffee. Von Brasilien lagen neuere
1216 1440 1772 1502 Nachrichten nicht vor, die den Markt in irgend
1218 1464 1772 1524 einer Weise hätten beeinflussen können. Die
1218 1488 1774 1549 Umsätze an den Terminmärkten hielten sich in
1221 1512 1777 1573 engen Grenzen und die Notierungen schliessen ½ pf.
1222 1536 1777 1597 niedriger. Der Konsumhandel verhält sich nach
1224 1560 1780 1619 wie vor reserviert. Notierungen: Tellicherres und
1226 1585 1780 1644 Neilgherry 60—90 pf., braun Menado und Preanger
1228 1608 1782 1667 110 — 130 pf, Java f. gelb bis fl. gelb 80—90 pf..
1229 1633 1782 1691 blank bis blassgelb 70—80 p, grün bis ff. grün
1230 1656 1782 1716 64 — 67 pf.., Guatemala, blau bis 1f. blau 54 — 79 pf,
1233 1680 1785 1740 grün bis ff. grün 47—55 pf., Campinas prime
1235 1702 1788 1763 42—43 pf, superior 39— 40 pf. good 36—37 pf.,
1235 1726 1788 1786 regulär 34 — 35 pf., ordinär 32 — 33 pf, Bahia,
1238 1751 1790 1808 Chapada 32—33 pf. Alles transito nach Qualität. —
1237 1772 1793 1832 Metalle fest. Notierungen: Roheisen schottisches
1238 1797 1793 1855 9,75 — 10,50 ℳ, englisches 7,50 — 8,00 ℳ, Eisen-
1240 1820 1793 1880 bleche 20,00 ℳ, Stabeisen 18,50 ℳ. Blei inländ.
1244 1844 1796 1903 46 ℳ. Zinn, Banca 105 ℳ, Blockkupfer 235 ℳ,
1244 1868 1796 1928 Kupferbleche 255 ℳ. Zinkbleche 65 ℳ, Draht-
1734 1892 1798 1924 fest;
1245 1897 1742 1952 stifte 21 ℳ Grundpreis. Petroleum
1245 1915 1798 1975 amerikanisches loko 11,40 ℳ, verzollt. — Reis
1248 1939 1801 1999 lebhaft und steigend. Notierungen: Cadangh Tafel-
1248 1963 1801 2022 25 — 27 ℳ trans., Java Tafel- 20—24 ℳ trans., Japan
1251 1986 1804 2047 18 — 19,50 ℳ trans., Patna Tafel- 18,00 — 20,00 ℳ
1253 2009 1804 2070 trans., Rangoon, Arracan und- Moulmain 11,25
1253 2035 1806 2095 bis 15,00 ℳ trans. nach Qualität, Bruchreis ganz
1253 2060 1806 2119 knapp. 10,25 — 10,75 ℳ trans. nach Qualität. —
1257 2082 1806 2141 Sardellen. Fest bei unveränderten Preisen.
1258 2106 1809 2165 1906er 87 ℳ, 1905 er 93 ℳ, 1903 er 99¼ ℳ, 1902 er
1258 2135 1742 2189 97 ℳ, 1901 er 97 ℳ per Anker versteuert.
626 512 673 543 16
2165 424 2241 457 1907
1597 2156 1791 2197 (Ostsee-Zeitung.)
824 1285 1001 1330 Vermischtes.
2050 2689 2228 2731 Wollberichte.
2008 2220 2220 2264 Zuckerberichte.
800 1563 1052 1623 Marktherichte.
1192 456 1657 513 Berliner Börsen-Zeitung No. 302
