2400 3344
2144 1788 2180 1805 1*
1995 1777 2148 1805 DI DNOTOM
186 1518 830 1553 pr. Lutten, 30. Aug. (Perſonalien.) Pfarrer Wolter iſt
146 1540 830 1574 zum 1. September cr. nach Angerburg berufen worden. An ſeine
146 1558 830 1597 Stelle tritt Pfarrer Wangnick aus Dubeningken, bisher Prediger an der
146 1579 497 1613 St. Hubertus⸗Kapelle in Rominten.
1574 1797 2220 1837 Die Auskunftel W. Schimmerpfeng büder mit der ihr
1533 1817 2219 1856 verbündeten vornehmſten amerikaniſchen Auskunftei The Bradstreet
1533 1839 1786 1873 Company eine große
1779 1843 2219 1879 bewährte Organiſation für kaufmänniſche
1533 1859 1786 1891 Erkundigungen. Bureau
1779 1863 2218 1901 für Oſtpreußen in Königsberg i. Br..
1533 1880 1785 1912 Kneiphöfiſche Langgaſſe 6.
2162 1889 2220 1917 1613
1578 1646 2183 1691 Präniirt Bresden 1374 und Berliner Gewerbs--Ausstellung 1376.
1578 1674 2185 1724 Neuer Erfolg: Fusnirt ant gergnet Redliealle.eeusk
1577 1704 1915 1732 Grössta, ältsntn, besuchneste und mehrfach
1907 1712 2185 1739 protzgekrönte Faschlebranstalt des
1576 1721 2186 1774 Wel d en eec msn Mel ud M. 3000 Schult. Herbll. . Murev
1576 1752 2183 1792 Wrachechneiierst. Stlllen-Vomstlelung Aostennles Prospotse geotte
1577 947 2223 983 Technikem Mittweida. Das Winterſemeſter beginnt am 15. Ob⸗
1538 967 2223 1004 tober, und es finden die Aufnahmen für den am 24. September be⸗
1538 990 2222 1025 ginnenden unenigeltlichen Vorunterricht von Anfang September
1538 1010 2223 1045 an wochentäglich ſtatt. Ausführliches Programm mit Bericht wird
1538 1030 2224 1070 koſtenlos vom Sekretariat des Technikums Mittweida (Königreich
1538 1050 1749 1085 Sachſen) abgegeben.
1558 2989 2204 3033 Als wir dann am nächſten Tage das ſchöne Prag entgültig ver⸗
1522 3013 2205 3054 ließen und uns der Weg noch einmal an dem herrlichen Denkmal
1520 3037 2205 3079 mittelalterlicher Baukunſt vorbeiführte, da hingen unſere Blicke noch
1520 3060 2205 3102 lange an ſeinen Zinnen, bis auch die letzte Turmſpitze hinter den
1520 3085 2031 3124 grünen Uſenbergen der Beraun verſchwunden war.
850 363 1534 397 Hausbeſitzer zur Einrichtung der Kanaliſation konnte die Verſamm⸗
850 386 1537 420 lung zuu keiner endgültigen Beſchlußfaſſung kommen. Die Gründung
850 405 1537 439 einer Grundrentenanſtalt wurde bei der ſchwierigen finanziellen
850 425 1537 458 Lage der Stadt für unausführbar gehalten. Die Finanzkommiſſion
850 446 1534 482 ſoll ſich unter Hinzuziehung von drei Mitgliedern der Verſammlung
853 465 1233 495 mit der Frage noch näher beſchäftigen.
197 414 841 450 k. Cranz, 30. Aug. (Der hieſige Frauenverein) hielt
157 433 841 469 heute im Pfarrhauſe eine außerordentliche Generalverſammlung ab.
157 455 841 489 Der Hauptpunkt der Tagesordnung war die Beſchlußfaſſung über Ein⸗
157 476 841 508 tragung des Vereins in das Vereinsregiſter. Dieſer Antrag wurde
155 497 841 530 einſtimmig angenommen. Einige Unterſtützungsgeſuche und Freitiſche
155 518 841 553 wurden genehmigt und letztere von den Damen des Vorſtandes über⸗
154 538 255 567 nommen.
886 1051 1526 1085 ei. Allenſtein, 30. Aug. (In der heutigen Stadtverord⸗
845 1072 1526 1105 netenſitzung) wurde einem Antrage des Vorſtandes der Stadt⸗
845 1092 1526 1127 ſparkaſſe entſprechend beſchloſſen, nach dem Muſter anderer Städte ſo⸗
845 1114 1529 1146 genannte „Hausſparkaſſen“ einzuführen. Jeder Sparer, der mindeſtens
845 1132 1526 1169 3 Mk. einzahlt, erhält eine ſolche Hausſparkaſſe, die er ſelbſt nicht öff⸗
845 1154 1526 1188 nen kann, die vielmehr von Zeit zu Zeit auf dem Bureau der Spar⸗
845 1173 1526 1208 kaſſe geöffnet und deren Inhalt dann dem Sparer gutgeſchrieben wird.
845 1194 1526 1232 Der Sparer iſt verpflichtet, die Büchſe mindeſtens zweimal im Jahre
845 1214 1288 1247 leeren zu laſſen, ſonſt wird ſie ihm entzogen.
196 563 841 596 au. Braunsberg, 30. Aug. (Schwerer Unfall.) Geſtern
154 583 841 616 verunglückte bei dem Beſitzer Schulz⸗Köslin der Arbeiter Hantel
154 604 841 636 auf ganz eigenartige Weiſe. Er ſaß auf dem Roßwerk und trieb die
154 623 838 657 Pferde an. Da zerſprang plötzlich infolge irgendeines in die Dreſch⸗
154 644 838 678 maſchine geratenen Hinderniſſes ein Rad, und ein Teil dieſes Rades
154 664 838 698 flog dem ahnungsloſen H. mit ſolcher Wucht gegen die Schläfe, daß
153 685 838 718 er blutüberſtrömt zuſammenbrach und vom Roßwerk herunterſtürzte.
153 704 838 739 Erſt nach mehreren Stunden kam der Verunglückte wieder zur Be⸗
153 725 836 762 ſinnung. Die Dreſchmaſchine war völlig unbrauchbar geworden und
153 746 527 778 mußte durch eine neue erſetzt werden.
892 491 1534 524 zi. Allenburg, 30. Augg. (Vieh⸗ und Pferdemarkt.)
853 507 1532 544 Gute Wiederkäuer verſchiedener Art ſah man auf dem hertigen
853 529 1532 565 Markte. Außer den Viehgroßhändlern der nächſten Städte waren auch
850 550 1532 584 Händler aus den weſtlichen Provinzen erſchienen, die gute Ware, na⸗
850 571 1534 606 mentlich hochtragende Kühe ſchnell wegkauften. Man zahlte dafür
850 591 1534 626 bis 400 Mk. und für mittlere 200 bis 240 Mk. Schlachtware, beſtehend
850 611 1532 646 aus einjährigen Bullen und Ochſen ſowie ausgemolkenen Kühen
850 632 1532 667 brachte 90 bis 300 Mk. Die Zahl älterer Ochſen war nur gering.
850 652 1532 687 Bezahlt wurden dieſe Tiere mit 34 Mk., 5 — 6jährige noch höher pro
850 673 1532 708 Zentner Lebendgewicht. Da unſer Ort noch keine Bahnverbindung
848 694 1532 729 gat, iſt der Transport der Rinder bis zur nächſten Station Wehlau
850 715 1503 746 immer höchſt beſchwerlich. Der Pferdemarkt war wenig bedeutend.
904 1625 1524 1662 Witterung, Saatenſtand und Ernte. Hierüber ſchreibt die
842 1646 1524 1682 „Kbg. L. u. forſtw. Ztg.“: Endlich ſcheint die Witterung eine Wen⸗
840 1669 1524 1703 dung zum Beſſeren nehmen zu wollen. Aber welch ein trauriges Bild
840 1688 1524 1723 bietet ſich nach dem monatelangen Regen, der noch bis zur Mitte
840 1710 1524 1744 der Woche andauerte, unſerem Auge dar. Nur zum Teil hat die
837 1730 1524 1765 Ernte bis jetzt, und zwar in einem ſchlechten Zuſtande geborgen
837 1751 1524 1784 werden können. Sogar Roggen ſteht noch bis in den September
837 1771 1524 1807 hinein draußen, und das iſt doch eine ſeltene Erſcheinung. Die Fel⸗
837 1793 1521 1828 der ſind vielfach ſo durchweicht, daß ſie von den Zugtieren nicht mehr
837 1813 1524 1847 betreten werden können. IInfolgedeſſen ſieht man, wie der Land⸗
837 1833 1524 1868 wirt das Getreide teilweiſe mit der Hand von dem Acker auf die
837 1854 1521 1889 Wege ſchleppt, um es von dort abzufahren. Die noch ſtehenden
838 1875 1524 1907 Sommergetreidearten, ſowie größbenteils auch die Hülſenfrüchte
185 1606 828 1640 dt. Raſtenburg, 30. Aug. (In der Stadtverordne⸗
144 1625 828 1662 tenverſammlung) am Freitag wurde der Beitritt zum oft⸗
143 1647 830 1682 preußiſchen Städtebund⸗Theater (Direktor Werner⸗Hamburg) ein⸗
144 1668 828 1702 ſtimmig beſchloſſen. Die Stadt gewährt für die Spielabende in der
144 1687 828 1722 Zeit vom 15. Januar bis 22. Februar freies Gas. In den Theater⸗
143 1707 828 1744 ausſchuß wurden der Bürgermeiſter und fünf Stadtverodnete ge⸗
143 1728 828 1763 wählt. Ihren Anſchluß an das Städtebund⸗Theater haben ferner be⸗
144 1747 828 1784 ſchloſſen die Städte Oſterode, Ortelsburg und Lötzen. Bei Beratung
144 1769 828 1804 der Anlechevorlage ging die Verſammlung über den Antrag des Ma⸗
144 1789 828 1824 giſtrats hinaus und beſchloß die Aufnahme einer Anleihe bis zur
144 1809 828 1844 Höhe von 400 000 Mark von der Provinzialhilfskaſſe gegen eine
146 1829 828 1865 Verzinſung von 4 ½ und Tilgung von 1 ½ Prozent. Aus der Anleihe
142 1850 825 1884 werden u. a. die 149 000 Mark betragenden Baukoſten der Klär⸗
144 1871 828 1904 anlage gedeckt. Betreffend Gewährung von Darlehnen an bedürftige
887 739 1532 774 m Rhein, 30. Aug. (Fortbildungsſchule.) An der hie⸗
848 760 1532 794 ſigen ſeit 1892 beſtehenden Handwerkerfortbildungsſchule erteilen ſeit
848 781 1532 814 eher drei Lehrer jährlich in 43 Wochen je 86 Unterrichtsſtunden im
848 801 1532 835 Deutſchen, Rechnen und Zeichnen. Vor etwa drei Jahren mußte der
848 821 1532 857 Sonntagsnachmittagsunterricht auch auf einen Wochentag verlegt
848 843 1532 877 werden. Dieſe Maßnahme hat in den Handwerkerkreiſen eine arge
848 862 1532 896 Mißſtimmung hervorgerufen. Vor einiger Zeit fand deshalb in einer
848 884 1532 917 gemiſchten Sitzung des Magiſtrats und der Stadtverordneten, an
845 904 1532 938 welcher auch ein Vertreter der Regierung in Allenſtein teilnahm, eine
845 925 1529 957 eingehende Beratung der Fortbildungsſchulangelegenheit ſtatt. Wie
845 945 1529 978 wir hören, hat nunmehr der Miniſter für Handel und Generbe, einem
845 966 1529 998 in jener Sitzung gefaßten Beſchluß zufolge, genehmigt, daß an der
845 986 1529 1019 gewerblichen Fortbildungsſchule vom 1. Oktober d. J. ab der Zeichen⸗
845 1006 1529 1043 unterricht eingeſtellt und der Unterricht im Deutſchen und Rechnen
845 1026 1257 1058 auf 30 Wochen im Jahre beſchränkt wird.
881 1241 1526 1277 r. Ortelsburg, 29. Aug. (Grundſtückspreiſe. Exa⸗
842 1263 1526 1298 men.) Das Brennereigut Ortelsburg⸗Fingatten iſt von dem bis⸗
842 1284 1526 1319 herigen Beſitzer Fahl für den Preis von 210 000 Mark an einen
842 1305 1526 1339 Herrn Buſſe aus Poſen verkauft. Die Uebernahme iſt ſofort er⸗
842 1327 1419 1359 folgt. Das Gut iſt vor fünf Jahren für 97 000 Mark
1420 1330 1526 1361 veräußert
842 1348 1415 1381 worden und hat ſeit der Zeit bereits den fünften Beſitzer.
1420 1351 1526 1381 Der Vor⸗
842 1368 1526 1404 beſitzer hat es für 167 000 Mark erſtanden. — Das Gut Lindenberg
842 1389 1526 1423 iſt vor ſechs Jahren für 78 000 Mark von dem Beſitzer Starck ver⸗
842 1410 1526 1445 kauft worden. Nachdem Ländereien für 42 000 Mark abverkauft
842 1431 1526 1466 worden, brachte das Reſtgut noch 87 000 Mark. Der jetzige Beſitzer
842 1452 1524 1485 hat das Gut parzelliert und rund 110 000 Mark erzielt. — Unter
842 1472 1524 1507 dem Vorſitz der Regierungsſchulrate Schwede aus Königsberg und
842 1494 1524 1529 Engel aus Allenſtein fand am hieſigen Lehrerſeminar die erſte Leh⸗
842 1515 1524 1549 rerprüfung ſtatt, Von 26 Abiturienten und zwei Bewerbern be⸗
842 1536 1088 1568 ſtanden 25 bezw. einer.
184 1185 836 1221 * Gumbinnen, 30. Aug. (Ein verſchwundenes Kind
146 1204 836 1241 wiedergefunden?) Vor ungefähr acht Jahren verſchwand
146 1227 833 1261 den damals in Novutſchatſchen wohnenden Eheleuten Glanert
146 1248 833 1284 ein c. zweijähriges Mädchen. Zuletzt wollte man es am Fluſſe ge⸗
146 1268 833 1303 ſehen haben, weshalb man zuerſt allgemein annahm, das Kind ſei
146 1290 833 1322 ertrunken. Da die Leiche der Kleinen aber nicht gefunden wurde,
147 1309 833 1343 zreigten die Eltern und andere Perſonen ſich der Anſicht zu, das kleine
146 1329 833 1364 Weſen ſei von Zigeunern geſtohlen worden. Die nach dieſer Rich⸗
147 1350 833 1385 tung hin unternommenen Recherchen blieben auch erfolglos. Jetzt
146 1369 833 1405 heißt es, wie die „Pr.⸗L. Zig.“ ſchreibt, daß das Kind in einem
146 1389 833 1424 Waiſenhauſe bei Königsberg aufgefunden worden ſei. Wie es
144 1410 833 1446 dahin gekommen, iſt nicht bekannt. Der Töpfergeſelle Glanert und
144 1430 833 1465 ſeine Ehefrau, die jetzt in Gunbinnen wohnen, haben ſich nun nach
144 1452 833 1487 dem Waiſenhauſe begeben und glauben, daß ein dort befindliches
144 1471 833 1506 Mädchen tatſächlich ihr verſchwundenes Kind ſei. Die ſchwebenden
144 1491 758 1525 behördlichen Ermittelungen werden erſt die Sachlage klären.
1575 1081 2221 1119 Die Leipziger Motorfahrzeug⸗, Motoren⸗, Werkzeugmaſchinen,
1538 1100 2222 1139 Fahrrad⸗ u. ſ.w. Ausſtellungen, über deren ſtetig wachſenden Ein⸗
1538 1123 2223 1159 fluß auf die Belebung des Geſchäfts und die Förderung des Abſatzes
1538 1143 2222 1182 Fachintereſſenten aus dem In⸗ und Auslande ſich ſeit vielen Jah⸗
1538 1166 2222 1201 ren einig ſind, verfolgen nicht ſo ſehr den Zweck, jedes Jahr einen
1538 1185 2222 1223 Geſamtüberblick über den jeweiligen Stand der vorbenannten In⸗
1538 1204 2222 1242 duſtrien zu geben, ſondern ſehen die Hauptaufgabe mehr darin,
1538 1226 2222 1262 ihre Eigenart als reine Verkaufsausſtellungen bezw. jährlich wie⸗
1538 1246 2222 1284 derkehrende Muſterlager, auf denen ſich nach Börſenart Angebot
1538 1268 2221 1303 und Nachfrage begegnen, fortgeſetzt weiter auszugeſtalten.
1538 1288 2221 1323 Die neutralen, gänzlich unabhängigen Leipziger Oktoberausſtel⸗
1538 1309 2222 1345 lungen ſind und ſollen, entſprechend den neuzeitlichen Bedürfniſſen
1538 1330 2222 1367 und Verhältniſſen, Veranſtaltungen im Sinne von Spezialmärtten
1538 1350 2221 1387 der Fein⸗ und Präziſionsmachanik im allgemeinen ſein, wo außer
1538 1371 2221 1406 den fertigen Fabrikaten auch die anderorts zumeiſt in den Hinter⸗
1538 1393 2222 1429 grund tretenden Roh⸗, Halbfabrikate und Zubehör aller Art den
1538 1413 1869 1442 ihnen gebührenden Platz finden.
172 2738 814 2778 Und nun zum Wahrzeichen der Stadt, zur „Prager Bruck“,
130 2759 814 2800 die wohl zu den bekannteſten Flußübergängen der Welt zählt. Einſt
130 2784 814 2824 unter Karl IV. durch Peter Parler von Gmünd an Stelle ihrer höl⸗
130 2808 814 2848 zernen und ſteinernen Vorgängerinnen erbaut, hat ſie häufigen
130 2831 814 2871 Kriegsſtürmen und ungezählten Hochfluten getrotzt. Was Wunder,
129 2855 814 2895 wenn ihre Feſtigkeit in zahlreichen Volksſagen gefeiert wurde und
129 2879 814 2917 man es auf ein nationales Unglück deutete, als im September 1890
129 2902 814 2943 zwei Bogen der alten Brücke in die hochgehenden Fluten der Mol⸗
128 2926 814 2964 dau ſtürzten. Mehr noch als der heilige Nepomuk und die anderen
128 2948 814 2991 ſteinernen Statuen aus älterer und neuerer Zeit intereſſieren die
126 2971 814 3013 beiden Brückentürme und unter ihnen am meiſten der ſchon erwähnte
126 2995 814 3036 Turm auf der altſtädtiſchen Seite, welcher neben dem altſtädtiſchen
126 3019 814 3059 Pulverturm auch architektoniſch als eins der hervorragendſten Bau⸗
126 3043 814 3083 werke Prag anzuſprechen iſt. Seine Sturmſicherheit hat er im
126 3066 814 3108 großen Kriege glänzend bewieſen. Von den Studenten ſchnell in
1533 1929 2216 1967 ihn eben nur ein großangelegter Bau in gotiſchem Geiſte hervor⸗
1533 1950 2217 1991 rufen kann. Und als dann von der zierlichen Triforiumsgalerie
1533 1973 2216 2016 die Geſänge des Domchors durch den weiten, vom Opferduft durch⸗
1530 1998 2216 2036 zogenen Raum erklangen, da fühlte man etwas von dem Sinnen⸗
1530 2021 2215 2060 zauber, mit dem der katholiſche Kult auf ſeine Anhänger einwirk.
1530 2043 2216 2084 Mehr als das 30 Zentner ſchwere ſilberne Prunkgrabmal des heili⸗
1530 2066 2216 2107 gen Nepormuk mit ſeinem purpurnen Baldachin und den goldenen
1530 2090 2216 2130 und ſilbernen Lampen feſſelte die alte mit böhmiſchen Halbedelſtei⸗
1530 2114 2216 2154 nen ausgelegte Wenzelskapelle in ihrem ehrwürdigen Alter unſere
1530 2136 2217 2178 Aufmerkſamkeit. Beim Abſtieg vom Hradſchin ward dann noch den
1530 2160 2216 2202 Katakonben der Karmeliter in Maria de Viktoria ein flüchtiger
1530 2183 2216 2224 Beſuch abgeſtattet, allwo zu beiden Seiten des langen, unterirds⸗
1530 2205 2216 2249 ſchen Ganges in 15 großen Kellergewölben Hunderte von ziemlich
1528 2229 2216 2272 ſchlecht erhaltenen mumiſizierten Leichen der ehemaligen Bewohnet
1528 2253 2215 2299 des Kloſters in geöffneten Särgen gegen ein nicht unerhebliches
1528 2275 2038 2315 Trinkgeld der Nachwelt zur Schau geſtellt werden.
195 771 836 806 m. Inſterburg, 30. Aug. (Der Geflügel⸗ und Vogel⸗
152 792 836 826 zuchtverein in Inſterburg) veranſtaltet unter dem Ehren⸗
152 813 836 846 vorſitz des Regierungspräſidenten Dr. Stockmann⸗Gumbinnen in
152 832 836 866 der Zeit vom 8. bis einſchließlich 11. November ſeine dritte all⸗
150 853 836 887 gemeine Geflügelausſtellung, mit welcher die erſte Ver⸗
150 873 836 908 bandsausſtellung der Geflügelzuchtvereine Oſtpreußens verbunden ſein
150 895 836 929 wird. Es ſind folgende Klaſſen ausgeſchrieben: 1. Hühner, Enten,
150 914 836 950 Gänſe, Truthühner und Ziergeflügel; 2. Tauben; 3. Kaninchen;
150 934 836 969 4. Sing⸗ und Ziervögel; 5. Aquarien; 6. geſchlachtete Geflügel; 7. Eier,
150 954 836 990 Brutmaſchinen, Gerätſchaften und Literatur. Der Miniſter für
150 975 836 1010 Landwirtſchaft hat zur Prämierung je ein Ehrenſchild in Bronze
150 997 836 1031 und Eiſen, drei ſilberne und bronzene Medaillen, die Landwirtſchafts⸗
149 1016 836 1051 kammer für die Provinz Oſtpreußen vier ſilberne und drei bronzene
149 1036 836 1073 Medaillen ſowie zehn Diplome in Ausſicht geſtellt, auch haben ſich
149 1058 836 1092 andere Behörden und eine Anzahl Privatperſonen bereit erklärt, Ehren⸗
149 1078 836 1112 und Geldpreiſe zu ſtiften. Als Preisrichter werden fungieren: Für
148 1099 833 1133 Großgeflügel und Kaninchen: Direktor Waſemann⸗Waldgarten
149 1119 836 1152 Moſchkewitz⸗Metgethen nnd Brack⸗Boſemb; für Tauben:
148 1138 833 1177 Seltſam⸗Gerdauen und Dr. Riemer⸗Berlin; für Kanarien und
149 1159 470 1191 Exoten: Ed. Holz⸗Inſterburg.
868 2583 1516 2622 Zum Hradſchin hinauf! Sein hohes hiſtoriſches Intereſſe,
829 2605 1516 2645 ſeine hervorragenden Bauten und Sammlungen, nicht zuletzt die
829 2629 1513 2669 herrliche Ausſicht machen ihn mit Recht zu einem Hauptziel aller
829 2653 1513 2693 Fremden. Wir durcheilen die zahlreichen Höfe der alten Burg und
829 2677 1513 2715 treten in die durch den Fenſterſturz der kaiſerlichen Räte bekannte
829 2699 1513 2739 Landtagsſtube ein. Ein mittelgroßes, von jeder entſtellenden Re⸗
826 2723 1513 2763 ſtaurierung unberührt gebliebenes Zimmer mit einem einfachen
826 2747 1510 2785 Tiſch, ähnlichen Holzlehnſtühlen und einigen antiken Archivkäſten.
826 2770 1510 2809 Daneben die beiden, einem Käfig nicht unähnlichen Zellen der kai⸗
826 2794 1510 2832 ſerlichen Geheimſchreiber. Entzückend iſt die Ausſicht, die man von
826 2818 1510 2859 den beiden Fenſtern der Ratsſtube über das Häuſermeer von Prag
826 2840 1510 2880 bis zum fernen Wiſcheherad mit den ſchlanken Türmen von St. Pe⸗
826 2864 1510 2904 ter und Paul genießt. Auf dem Hradſchin erhebt ſich auch Prags
826 2887 1510 2927 größte, freilich in ſeinem neueren Teile noch unvollendete, aber den⸗
826 2911 1510 2952 noch ſchönſte Kirche, der St. Veits⸗Dom. Nach ſeiner Vollendung
826 2934 1510 2976 wird der Bau den Kölner Dom mit 25 Meter an Länge übertreffen
826 2958 1510 2998 und ſein Hauptturm den Türmen des genannten Gotteshauſes an
826 2980 1510 3021 Höhe nicht nachſtehen. Das Innere des gothiſchen Baues macht mit
826 3005 1510 3045 ſeinem herrlichen Kapellenkranz in ſeiner erhabenen Einfachheit
826 3028 1508 3070 einen Eindruck, wie ihn weder die mit raffinierter Bracht im Jeſui⸗
826 3052 1508 3091 tenſtil aufgeführte Prager Nikolauskirche noch irgend ein anderes
826 3074 1510 3118 Gotteshaus im Rokoko oder Barockſtil auszuüben vermag, und wie
1546 365 2227 402 liegen flach am Boden, wachſen aus und faulen, während das Un⸗
1546 389 2227 423 traut freudig durch ſie hindurch wächſt. Die Kartoffeln und Rüben
1546 409 2227 444 haben ſich bei der naßkalten Witterung nur kümmerlich entwickeln
1544 430 2225 465 können und dazu kommt noch, daß die erſteren bereits in dem naſſen
1544 449 2225 484 Boden anfangen zu verderben. Ebenfalls iſt der zweite Gras⸗ und
1544 470 2225 506 Kleeſchnitt, ſowie der Nachwuchs der Pflanzen auf den Weiden faſt
1544 491 2224 528 vollſtändig zum Stillſtand gekommen. Die Brachfelder, die infolge
1544 512 2224 547 der übermäßigen Feuchtigkeit natürlich auch nicht bearbeitet werden
1544 532 2224 567 konnten, prangen im ſchönſten Unkrautgrün. Ja freilich, und wenn
1544 554 2224 588 wir auch weit zurückblicken, ſo will es uns doch kaum gelingen, für
1544 573 2225 609 Oſtpreußen ein Jahr zu finden, in dem die Witterungsverhältniſſe
1544 595 2225 630 ſo ſchlecht waren, wie dieſe in dem laufenden Jahre bisher geweſen
1544 615 2223 650 ſind. Nachdem durch den unnatürlich ſtrengen Winter die Weizen⸗
1541 634 2224 670 und Kleeſaaten faſt vollſtändig vernichtet wurden, iſt nun auch in⸗
1541 656 2224 691 folge der ſchlechten Erntewitterung ein großer Teil der Geſamternte
1541 676 2224 711 aller Früchte als verdorben und verloren zu betrachten; hieran wird
1541 697 2224 733 auch die nunmehr eingetretene beſſere Witterung nichts mehr ändern
1541 717 2223 753 können. Hält aber die letztere an, ſo wird es immerhin möglich ſein,
1541 737 2224 774 daß vielleicht noch der Reſt der Ernte etwas beſſer geborgen werden
1541 758 2223 794 kann. Auch werden die Rüben, ſowie die Pflanzen auf den Futter⸗
1541 778 2223 813 flächen noch wieder nachwachſen, ſo daß noch etwas reichlicher Futter
1541 800 2223 836 für das Vieh gewonnen werden könnte. Auch würde das Vieh bei
1541 820 2222 855 fortdauernder guter Witterung noch einige Monate gute Weide fin⸗
1541 841 2223 877 den können, und das wäre ſehr erwünſcht; denn die Tiere haben
1541 862 2223 900 unter den ſchlechten Witterungsverhältniſſen ebenfalls gelitten, und
1541 882 2108 914 ſie befinden ſich zurzeit in keinem allzuguten Zuſtande.
875 1993 1521 2032 Uebarſchreiten wir die Karlsbrücke, von der ſich, wie von allen
837 2016 1518 2054 Brücken Prags, dem Auge ein ſchönes Panorama bieten, ſo kom⸗
834 2042 1518 2080 men wir über den Kleinſeitener Ring zum Waldſteinſchen Palais.
834 2064 1518 2104 Auf dem Grunde von 20 niedergeriſſenen Bürgerhäuſern, angeb⸗
834 2087 1518 2124 lich nach dem Plane des Cäſarſchen Palaſtes in Rom erbaut, bot
834 2111 1518 2148 dieſes dem geſtürzten Generaliſſimus eine würdige Wohnſtätte.
834 2133 1518 2172 Noch jetzt laſſen die verblichenen Fresken der Wände die einſtige
834 2157 1518 2195 Pracht ahnen. Hier hielt der noch immer Gewaltige mit Vorliebe
834 2181 1518 2219 ſein glänzendes Hoflager; hier umgab ihn ſeine in Purpur und
834 2204 1518 2240 Gold gekleidete Leibwache; hier fraßen 300 ſeiner auserleſenen
834 2227 1518 2266 Roſſe aus marmornen Krippen. Alles iſt noch in urſprünglichem
832 2251 1518 2288 Zuſtande erhalten, das Oratorium oberhalb der Hauskapelle, von
832 2274 1518 2311 wo aus Wallenſtein kniend auf dem noch vorhandenen Berſtuhl die
832 2297 1518 2335 Meſſe zu hören pflegte, das aſtrologiſche Kabinett, die in künſtlichem
832 2321 1518 2359 Tuffſtein gehaltene Badegrotte, daneben das Spielzimmer mit dem
832 2345 1518 2383 noch unverſehrten Körper des Leibpferdes, das den Feldherrn
832 2366 1516 2406 bei Lützen trug, und von einer feindlichen Kugel tödlich getroffen
832 2391 1518 2429 wurde. Von nicht geringerem Intereſſe iſt die architektoniſch ſchön
832 2414 1516 2453 gegliederte, breiteilige Waldſteinhalle, welche nach dem freundlichen,
832 2438 1516 2476 von hohen, altersgeſchwärzten und mit hundertjährigem Efeu be⸗
832 2461 1517 2498 rankten Mauern umfaßten Garten hin offen iſt. Uns war's, als
832 2484 1516 2523 wären wir hier Zeugen eines jener Bankette, deren letztes uns Schil⸗
832 2508 1516 2547 ler im dritten Teile ſeiner großen Trilogie ſo plaſtiſch geſchildert
829 2531 1516 2569 hat. „Nach hundert Jahren klingt ſein Wort und ſeine Tat dem
829 2552 986 2587 Enkel wieder.“
180 2103 822 2143 Kann man auch heute nicht mehr von einem Ghetto in Prag
149 2127 822 2168 ſrechen — ſeine 27 000 jüdiſchen Bürger ſind über die ganze Stadt
154 2153 822 2192 erteilt —, ſo bot doch noch vor nicht zu langer Zeit das ſogenannte
153 2177 822 2214 zudenviertel, die jetzige Joſeſſtadt, mit ſeinen engen Gaſſen und
152 2199 822 2239 per 200 armſeligen, übervölkerten Häuschen, ſeiner hohen Stadt⸗
152 2223 822 2261 ſauer und ſeinen zur Nachtzeit geſchloſſenen neun Toren mehr
146 2246 822 2286 4s andernorts ein typiſches Bild der Abſperrung unſerer jüdiſchen
146 2268 822 2308 Kitbürger aus den Zeiten des finſteren Mittelalters. Heute iſt das
141 2292 822 2332 Ales durch das Aſſanationsgeſetz zum größten Teile verſchwunden.
140 2316 822 2354 Roderne, nüchterne Straßenzüge ſind entſtanden, und nur die ſchon
138 2340 822 2378 aus dem 13. Jahrhundert ſtammende, in ihrem Inneren im hohen
138 2361 822 2404 Grade altertümlich wirkende Alt⸗Neuſynagoge nebſt dem alten jü⸗
138 2385 821 2426 diſchen Rathauſe blicken noch aus einer Zeit auf die neue Umge⸗
137 2409 820 2449 hung hernieder, in der man ſich in der Verachtung und Unduldſam⸗
137 2431 820 2472 keit gegen Andersgläubige nicht genug tun konnte. Etwas ent⸗
137 2455 820 2496 käuſcht waren wir von dem hochberühmten, alten Judenfriedhof, der
137 2478 820 2519 ſeit den Zeiten Joſefs II. nicht mehr benutzt wird, und deſſen älte⸗
136 2502 820 2543 ſter Grabſtein aus dem Jahre 596 chriſtlicher Zeitrechnung ſtam⸗
136 2526 820 2566 tien ſoll. Ein wüſtes Bild Tauſender ganz⸗ und halbverſunkener
137 2549 820 2590 Grabſteine mit kaum noch zu entziffernden Inſchriften in wirrem
136 2572 820 2613 Purcheinander, während dazwiſchen knorrige Fliederbäume und
136 2597 820 2637 verwilderte Zierſträucher nebſt kniehohem Graſe üppig empor⸗
134 2618 817 2661 ſchießen. Immerhin wird das altehrwürdige Trümmerfeld ſeinen
133 2642 817 2683 Eindruck auf den Touriſten nicht verfehlen, und die tiefſinnige In⸗
133 2665 817 2706 ſchrift des alten, bemooſten Hauptportals: „Ehrfurcht dem Alter,
132 2689 817 2730 Achtung dem Eigentum. Ruhe den Toten“ würde heute noch einem
131 2714 631 2750 modernen Friedhofseingange ſehr wohl anſtehen.
1568 2306 2213 2346 Niemand dürfte Prag verlaſſen, ohne ſich den in einer ſtarken
1528 2327 2214 2370 Stunde zu erreichenden Karlsſtein angeſehen zu haben. Wie ſo
1528 2351 2213 2394 vieles Schöne in Prag, verdankt auch dieſes herrliche Bergſchloß
1528 2375 2213 2416 ſeine Entſtehung „Böhmens Vater“, Karl IV. Seine Lage in
1528 2399 2213 2440 einem waldigen Seitentale der Beraun iſt geradezu ideal und findet
1528 2421 2211 2464 ſchwerlich in der Oertlichkeit einer deutſchen Burg, ſelbſt nicht ein⸗
1528 2445 2212 2489 mal in der der Wartburg oder Marxburg am Rhein ihresgleichen. Nach
1528 2468 2211 2510 den Plänen der Papſtburg in Avignon erbaut, ſollte ſie einen ſiche⸗
1528 2492 2211 2533 ren Ort für die Reichskleinodien und Heiligenreliquien bilden,
1528 2514 2211 2559 gleichzeitig auch dem vorgenannten Kaiſer eine Stätte ſtiller Zurück⸗
1528 2540 2211 2580 gezogenheit und Gelegenheit zur Andacht bieten. Von doppelten und
1528 2563 2211 2604 dreifachen Mauern umgeben, wächſt die großartige Anlage aus dem
1525 2585 2210 2627 Bergfelſen heraus und macht mit ihren mächtigen Türnen auf den
1525 2608 2210 2650 Beſchauer äußerlich einen geradezu überwältigenden Eindruck. Lei⸗
1525 2632 2210 2674 der entſpricht das Innere der vor wenigen Jahren von Grund aus
1525 2656 2210 2698 reſtaurierten Burg nicht ganz den gehegten Erwartungen und kann
1525 2678 2210 2719 dem Beſucher auch nicht annähernd ein Bild von dem Leben und
1525 2702 2210 2746 Treiben auf einer mittelalterlichen Burg geben, wie ihn der Beſuch
1525 2725 2207 2767 der letztgenannten Burgen oder gar unſere unvergleichliche Marien⸗
1522 2749 2209 2791 burg zu bieten imſtande iſt. Originell und höchſt ſehenswert iſt die
1522 2773 2209 2814 Katharinenkapelle ſowie die in den vier Meter dicken Mauern des
1522 2797 2206 2839 Hauptturmes eingebaute berühmte Kapelle des heiligen Krenzen,
1522 2821 2206 2863 deren Wände auf vergoldetem Gipsgrund böhmiſche Edelſteine zie⸗
1522 2844 2206 2886 ren, wio wir ihnen ſchon in der Wenzelskapelle von St. Beit begog⸗
1522 2867 2206 2911 neten. Die Decke verſinnbildlicht das Firmament, von dem jedoch
1522 2891 2206 2933 nur noch die minder koſtbaren Glasſterne vorhanden ſind. Auch von
1522 2914 2205 2957 dem Edelſteinmoſaik der Fenſterſcheiben ſind nur noch dürftig
1522 2938 2205 2982 Fragmente erhalten, die denn durch die geſchickte Hand des Reſtan⸗
1522 2962 1927 2998 rators ihre Ergänzung gefunden haben.
444 2004 543 2040 Prag.
221 269 364 300 Nr. 409.
1781 921 1972 954 Geſchäftliches.
582 2082 803 2115 (Nachdruck verboten.)
1714 280 2165 316 Sonntag, 1. September 1907.
293 1970 668 2013 Von W. Sahm⸗Königsberg.
375 360 615 412 Provinzielles.
318 1927 651 1981 Reiſeerinnerungen.
953 1582 1414 1634 Haus⸗ und Landwirtſchaft.
1625 1601 2140 1658 Berlin C., Rothes Schloss 2.
1707 1462 2049 1536 Hirsch’sche
141 2029 794 2070 Das Ghetto. — Die Karlsbrücke. — Auf Wallenſteins Spuren.
279 2054 682 2088 Der Hradſchin. — Auf dem Karlsſtein.
1576 1529 2188 1613 SchneiderAkademie
837 1921 1521 1956 Verteidigungszuſtand geſetzt, vermochten ihn die Schweden, welche
837 1943 1521 1981 ſich durch Verrat unter Königsmark bereits in Beſitz der Kleinſeite
837 1967 1449 2003 geſetzt hatten, trotz vierwögigem Berennen nicht zu nehmen.
159 177 2227 273 Zweite Beilage der Morgenausgabe der Königsberger Hartungſchen Zeitung.
