2400 3344
1653 2786 1741 2814 „Nein.“
1357 1641 1577 1674 (Nachdruck verboten.)
272 2399 553 2430 Plötzlich richtet er ſich auf.
272 2832 629 2862 Dann fängt der Kranke wieder an.
1650 2060 1959 2099 „Ich laſſe mich doch ſcheiden!“
963 2722 1453 2755 Und dann lachte er wieder, bis er zuſammenſank.
963 2631 1504 2662 Aber als ſie ihn rach Hauſe bringen wollten, rief er:
1648 2444 2170 2484 Unwillkürlich ſah ich mich nach einem Pſychiater um
1648 2472 1797 2502 Er fuhr fort:
1647 1996 1855 2029 Er lachte bitter auf.
1649 2015 2011 2052 „Weißt Du's noch nicht?“ rief er.
1649 2041 1853 2075 „Nein, was denn?“
1649 2087 2289 2128 „Du?“ rief ich erſchreckt, „von wem? Doch nicht von Deiner
1608 2115 1695 2152 Frau?“
966 3128 1604 3169 „Was haſt Du denn?“ fragte ich endlich, „fehlt Dir etwas?
925 3155 1126 3195 Haſt Du Sorgen?*
273 2417 910 2458 Seine Augen haben einen ſtarren Blick erhalten, als ob ſie bre⸗
229 2443 371 2480 chen wollten.
920 1999 1387 2033 zugehen und den Fenſterladen vorzuhängen..
1377 1996 1598 2029 Grau ſchimmert das
920 2021 1383 2053 Tageslicht durch die kleinen, grünen Scheiben.
274 3061 913 3102 Die letzten Worte ſind nur ein ſchwaches Murmeln, das die drei
233 3091 366 3124 kaum hören.
268 2004 905 2036 Heulend und pfeifend dringt er aus den Felsſpalten hervor,
226 2025 806 2059 und die Kanonade der Brandung läßt die Inſel erbeben.
958 2041 1598 2082 Jetzt ſteht der Pfarrer langſam auf und ſagt: „Laßt uns zum
920 2067 1173 2099 Strande hinuntergehen.“
273 2850 913 2889 Er tappt mit den Händen über den Bettieppich, ſeine Lippen
234 2876 687 2910 arbeiten, aber kein Laut entringt ſich ihnen.
1650 2231 2291 2269 „Oh ja,“ erwiderte ich, „damit prüfen die Pfandleiher immer
1610 2257 1948 2291 den Goldgehalt meiner Uhrkette.“
272 2581 910 2620 Die alten Frauen ſind erſchrocken aufgefahren, der Knecht ſetzt
230 2608 842 2643 die Laternee auf den Fußboden und tritt an das Bett heran.
274 2705 910 2742 Dann fallen ihm die Augen zu, und ermattet ſinkt ſein magerer
233 2731 736 2766 Körper zuſammen, in kaltem Schweiß gebadet. —
958 2090 1596 2125 Die beiden Alten ſehen ihn veller Erſtaunen an, aber folgen
920 2113 1519 2150 ihm. Der Hausknecht, der vor der Tür ſteht, geht auch mit.
273 2895 913 2934 Endlich ertönt es heiſer und ſchneidend: „Zu Hilfe! Zu Hilfe!“
273 2921 913 2959 Er will aus dem Bett heraus, und ſie müſſen ihn mit Gewalt
236 2948 344 2982 (eſthalten.
275 2631 869 2665 „Legt Euch jetzt hin, Vater, und ſeid ſtille — ſol — ſo!“
272 2652 910 2691 Der Pfarrer wehrt ſich dagegen und ſchreit mit einer ſchnei⸗
232 2678 668 2715 denden Stimme, die immer heiſerer wird.
960 2346 1601 2383 Er wurde neben ſeiner Mutter ins Grab gelegt, und die Er⸗
922 2369 1601 2410 innerung an dieſes Beggräbnis lebt noch jetzt, ſo viele Jahrhunderte
922 2397 1005 2430 ſpäter
966 2651 1604 2688 „Es ſoll kein Zauberer unter Dir gefunden werden oder ein
925 2676 1601 2712 Wahrſager oder ein Beſchwörer oder der die Toten frage, denn wer
925 2700 1316 2734 ſolches tut, iſt dem Herrn ein Greuel.“
960 2159 1598 2195 Dort, wo der große Fluß in den Qualböfjord mündet, nahe am
921 2181 1601 2219 Pfarrhofe, liegen fünf Hügel, mit Gras bewachſen. Sie heißen noch
922 2208 1262 2240 heutigen Tages die Türkengräber.
273 2757 913 2794 Und wieder hört man nur das Heulen des Sturmes und das
233 2780 913 2818 Brüllen der Brandung, während das Licht hin und her flackert und
232 2806 719 2841 die Stearinmaſſe über den grünen Tiſch läuft,
962 2559 1601 2595 Und dann begann Herr Paul ſich wunderlich zu betragen; er zer⸗
922 2581 1604 2619 riß ſeinen Bart und lachte, daß es der ganzen Verſammlung durch
922 2606 1496 2641 Mark und Bein ging, und konnte nicht wieder aufhören.
1642 289 2284 325 Unverſehens ſchoben ſich wüſte Felsberge vor das wundervolle
1605 311 2284 350 Panorama. Ganz nahe traten ſie zuſammen. Wir fuhren in die
1605 337 1845 367 Gorges de Croſſey ein.
1649 2136 1939 2172 „Na, von wem denn ſonſt!“
1649 2156 2067 2192 „Aber um Gottes willen, warum denn?“
1649 2178 2291 2219 „Ja, warum!“ Er lehnte ſich in ſeinem Stuhl zurück und ſeufzte
1610 2203 2240 2240 tief auf. „Lieber Freund, weißt Du, was Scheidewaſſer iſt?“
1646 1732 2291 1768 Mein Weg floh dieſe Finſternis. Zu hellgrünen Höhen ſchlang
1608 1754 2291 1792 er ſich hinauf und überſchritt als ſteinerner Brückenbogen die eben
1608 1778 2252 1813 erſt verlaſſene Tiefe. Doch endlich holte die Nacht mich ein. ...
269 2052 908 2088 Der alte Pfarrhof knackt in allen Fugen, und der einzige kleine
228 2075 908 2112 Fenſterladen des Zimmers klappert und raſſelt in ſeiner Angel,
227 2100 809 2134 während es in dem offenen Schornſtein donnert und rollt.
269 2247 910 2286 Sie flüſtern leiſe, und ab und zu geht eine der Frauen nach
228 2274 910 2310 dem Waſſereimer und taucht einen Streifen Leinwand hinein, um
228 2298 621 2331 damit des Pfarrers Stirne zu kühlen.
964 2743 1604 2783 So erzählen die alten Aufzeichnungen von Herrn Paul Rasmuſſen
925 2770 1604 2807 und ſie fügen hinzu, daß er nicht mehr ſein Amt verrichter konnte.
925 2794 1403 2830 denn das Licht ſeines Verſtandes war erloſchen.
1643 219 2282 254 Unten breitete ſich die grüne Ebene zu immer neuen Fernen.
1605 244 2283 280 Darin glänzte zwiſchen Dörfern und weißen Landhäuſern die vielge⸗
1605 267 2007 297 wundene lichte Stromſchlange „Iſère“.
1649 2610 2293 2650 Ich ließ mir das Adreßbuch geben, damit ich, falls kein Irren⸗
1610 2634 2294 2671 arzt da wäre, ſchnell nach einem ſchicken könnte. Er ſchien meine
1610 2660 1976 2694 Abſicht zu ahnen, denn er fuhr fort:
272 2324 908 2362 Vollſtändig angekleidet liegt er in dem großen Bett, deſſen
229 2348 908 2386 Vorhänge zur Seite gezogen ſind; leichenblaß liegt er da, mit ge⸗
230 2373 753 2411 ſchloſſenen Augen und zuſammengepreßten Lippen.
276 3108 913 3149 Sorgſam legen ſie ihn wieder in das Bett zurück und lauſchen
233 3134 913 3172 bange auf ſeinen Atemzug, der anſcheinend gänzlich aufgehört hat.
273 3158 913 3198 Und die Zeit vergeht. Der Haustnecht erhebt ſich, um hinauus⸗
278 2968 913 3009 „Zu Hilfe, zu Hilfe! Helft dem Knaben! Seht, wie ihn die
236 2993 913 3030 Wellen ergreifen, ſeht, wie ſie mit ſeinem langen, blonden Haar
234 3016 913 3055 ſpielen. Seht ſein Geſichtchen, wie bleich es iſt — ach, mein Sohn!
233 3044 385 3078 Mein Sohn!“
1646 1641 2291 1676 Oft verengte ſich die Schlucht bis auf einige Meter; dort bohrten
1608 1663 2289 1699 ſich Tunnel durch den Berg. Da drinnen lagerte ſchon das Dunkel
1608 1685 2289 1722 der Nacht und kroch hervor aus den runden, ſchwarzen Tunnellöchern,
1608 1710 2290 1744 und, gepaart mit Nebelſchwaden, breitete es ſich aus in den Gründen.
1650 2685 2293 2722 „Du denkſt, ich flunkere oder phantaſiere, Du irrſt. Höre weiter:
1610 2708 2294 2746 Eines Abends ſitze ich mit meiner Frau in einem Reſtaurant und
1610 2732 2294 2771 wir leſen nach unſerer gewöhnlichen Art die Zeitung. Kennſt Du
1610 2756 2089 2793 unſere gewöhnliche Art, die Zeitung zu leſen?“
962 1852 1598 1891 Ich ſtieg über in die kleine Dampfbahn. Mit Geſchwindigkeit
920 1877 1601 1914 konnte ſie nicht prahlen; aber durch mächtige Qualmwolken, wildes
920 1901 1601 1938 Geſchnaufe und Klingeln verſtand ſie ſich ſchon Beachtung zu ſchaffen.
920 1925 1601 1961 In drolligen Windungen ſchlängelte ſich der Liliputzug bald hoch in
921 1951 1233 1981 die nordöſtlichen Berge hinein.
962 2228 1601 2266 Dort unten fanden ſie das Wrack des einen Seeräuberſchiffes und
922 2253 1601 2290 viele Leicher gebräunter Männer mit wilden Geſichtern; ſie wurden
922 2276 1601 2312 in dieſen Hügeln begraben; aber unter den toten Heiden lag auch
922 2299 1601 2336 Paul Rasmuſſens Söhnlein und die Wellen ſpielten mit ſeinem
922 2327 1155 2358 langen, blonden Haar.
275 2463 910 2504 „Hört! Wie ſie jammern,“ ſchreit er — „hört, wie ſie jam⸗
231 2489 910 2526 mern, die Bluthunde, die ungläubigen Hunde — ſeht! Die Strafe
231 2512 910 2550 des gerechten Gottes iſt's, die ſie trifft. Sein Arm trifft in Ver⸗
231 2536 910 2574 geltung die, ſo Unrecht üben — wehe, wehe! Wehe ihnen! — Hört,
231 2563 412 2595 wie ſie ſchreien!“
1641 358 2283 396 Senkrechte, glatte Steinmauern, aus eingezwängtem Gießbach
1605 383 2283 418 zu großer Höhe ragend, hatte der Erbauer der Bahnſtrecke hier vor⸗
1605 405 2282 440 gefunden; nirgends eine natürliche Unterſtützung ſeines Werkes.
1605 429 2283 466 Da mußte der Schienenweg in die nördliche Bergwand eingeſprengt
1605 454 1691 484 werden.
1643 475 2283 510 Häufiges Pfeifen der Lokomotive, als wollte ſie ſich Mut machen,
1605 499 2284 534 den ſchmalen Steig zwiſchen Fels und Abgrund zu betreten; viel⸗
1605 520 2284 556 facher Widerhall aus ſchauerlichen Tiefen! — Offenbar fühlte ſie ſich
1605 544 2284 580 erſt wieder ſicher, als ein Tunnel kam, und der Zug ſich im Erd⸗
1605 569 1837 599 innern bergen konnte.
1648 1172 2289 1209 Im Frühjahr 1903 hob ein franzöſiſches Kulturkampfgeſetz das
1608 1195 2289 1232 Kloſter auf, und eine Schwadron Küraſſiere brach den Widerſtand
1608 1219 2289 1255 der Ordensbrüder. Seitdem liegen Fabrikräume und Kloſter ver⸗
1608 1242 2289 1278 ödet. Natürlich waren die Mönche ſo klug geweſen, ihr koſtbares
1608 1267 2210 1301 Likörgeheimnis auf der Flucht in das Ausland mitzunehmen.
1652 2490 2293 2527 „Du weißt, wie glücklich wir lebten — und nun! Was gingen
1610 2514 2294 2550 auch dieſen Leuten unſere Kinder an, noch dazu, wo wir gar keine hat⸗
1610 2537 2294 2575 ten? Was ging dieſer Fabrik die erbliche Belaſtung meiner Frau an,
1610 2560 2293 2601 noch dazu, wo dieſe noch nie was geerbt hat, nicht einmal eine Be⸗
1610 2588 1701 2619 laſtung.
269 2125 908 2164 Die armſelige Stube mit ihrem Tiſch, Bett und den drei Rohr⸗
227 2150 908 2188 ſtühlen wird von einem flackernden Talglicht erleuchtet, das der
228 2173 908 2213 Zugwind jeden Augenblick auszublaſen droht. Am Herde ſitzen zwei
227 2197 908 2234 alte Frauen und ein Hausknecht, der eine mit Hornſcheiben verſe⸗
228 2223 587 2256 hene Laterne auf dem Schoße hält.
1644 822 2285 857 Als wir auf dem Marktplatz von St. Laurent du Pont hielten,
1605 846 2288 881 verließ ich den Zug und machte mich ſogleich auf die Wanderung, um
1605 870 2287 903 noch vor Dunkelheit die Chartreuſe zu erreichen. In öſtlicher
1605 892 2285 927 Richtung ging ich aus dem Dorf und ſchlug die 9 Kilometer lange,
1605 916 2289 950 vielgerühmte Straße zum Kloſter ein, die ſich am Gießbach entlang
1608 940 2135 973 ſchnell in die Schluchten ſchönbewaldeter Berge zog.
962 2415 1601 2454 Denn als Herr Paul an das Grab herantrat, ſagte er: „Mein
922 2441 1601 2477 Sohn, mein Einziges, was ich armer Marn hier auf Erden beſaß,
922 2463 1601 2501 ſchlummere Du jetzt ſüß bei Deiner Mutter in geweihter Erde! Mir
922 2487 1601 2524 möge Gott helfen, denn, ich habe meine ewige Seligkeit aufs Spiel
922 2510 1601 2548 geſetzt, ja vielleicht ſie um Deinetwillen verloren, da ich es nicht über
922 2534 1601 2569 mein Herz bringen konnte, Dich unter Heiden aufwachſen zu laſſer.“
1649 2282 2290 2320 „Das iſt richtig,“ ſagte er, „aber dieſes Scheidewaſſer meine ich
1610 2306 2291 2342 nicht, ich meine ein anderes. Höre, es gibt eine Fabrik, die kosme⸗
1610 2329 2291 2366 tiſche Mittel herſtellt, ja, die ſie nicht nur herſtellt und empfiehlt,
1610 2352 2293 2389 ſondern die ſich auch um die Wirkung den Erfolg und die Heilkraft
1610 2376 2293 2413 dieſer Medikamente kümmert. In dieſer Fabrik nun wird ein Waſſer
1610 2399 2293 2436 angefertigt, und dieſem Waſſer bin ich zum Opfer gefallen. Dieſes
1610 2423 2072 2456 Waſſer wurde das Scheidewaſſer meiner Ehe.“
959 2965 1604 3003 Es war am Geburtstag meiner Frau. Um das ſchöne Feſt nicht
925 2989 1604 3028 durch einen Mißton zu trüben, war ich gleich nach dem Frühſtück
925 3013 1604 3052 weggegangen und war eben dabei, in einem Bräu mein Abendbrot zu
925 3036 1604 3075 verzehren, als Treuenberg eintrat. Treuenberg war mein beſter
925 3060 1604 3097 Freund, Berufsgenoſſe und Studienkollege. Da wir uns jahrelang
925 3083 1604 3120 nicht geſehen hatten, eilte ich freudig auf ihn zu, aber er erwiderte
925 3108 1367 3142 meine warme Begrüßung kalt und zerſtreut.
1646 1804 2290 1843 Nach zweiſtündigem Marſch tauchten ſchwarze Umriſſe mächtiger
1610 1829 2290 1865 Gebäude auf. Neben der Landſtraße lief eine lange, mit kleinen
1610 1853 2290 1888 Türmchen beſetzte Steinmauer hin; dahinter ſchlummerte eine ganze
1610 1875 2290 1912 Stadt von großen und kleinen Häuſern. Das war das Kartäuſer⸗
1610 1897 2290 1934 kloſter. Kein Licht grüßte aus den düſteren Mauern; ſtill und finſter
1610 1920 2291 1957 lagen ſie da, wie der Bergwald ringsum. Der Mond war noch nicht
1610 1944 2290 1979 aufgegangen; nur die Sterne funkelten in ſchwarzblauen Fernen
960 1664 1596 1702 Von Lyon, der rauchſchwarzen Webermetropole, ſauſte der Eil⸗
920 1689 1598 1728 zug durch üppige Fruchtfelder der Rhoneebene fernen, blauen Bergen
920 1712 1598 1750 entgegen. „Voiron!“ Changez de train!“ — Ein freundliches
920 1736 1598 1774 Städtchen lag da, maleriſch an die grünen Vorhöhen der Dauphineeer
920 1760 1598 1798 Alpen gelehnt. Darüber ein ſteiler Bergkegel; von ſeinem turmge⸗
920 1783 1598 1819 krönten Gipfel ſchaute ein hohes Bronzebild der Notre Dame de
920 1806 1598 1844 Vouiſe weithin über prächtiges Gartenland zu den Schneedomen des
920 1835 1059 1867 Hochgebirges.
1648 961 2289 998 Wo die Höhen zuerſt von beiden Seiten hart an die Chauſſeee
1608 985 2288 1021 herantraten und Felsſprengungen ihr ein Zugangstor geſchaffen
1608 1008 2289 1044 hatten, ruhten die verlaſſenen Fabrikgebäude der „Fourvoirie“. Es
1608 1030 2288 1067 war ein Vorwerk des Kloſters, dem dieſes nicht zuletzt ſeinen Weltruf
1608 1056 2289 1089 verdankte; die Quelle des echten grünen „Chartreuſe,“ der unter
1608 1078 2288 1113 Aufſicht der Mönche nach ihren höchſt geheimen Rezepten aus ein⸗
1608 1100 2289 1137 heimiſchen Alpenkräutern gewonnen wurde. Mehr als 11½½2 Millionen
1608 1124 2289 1161 Liter Likör verſchickten ſie jährlich über den ganzen Erdball und ver⸗
1608 1148 2227 1181 wendeten den reichen Ertrag freigebig zu wohltätigen Zwecken.
1643 590 2284 626 Aus Rauch und Finſternis wieder ans Licht gelangt, blickten
1605 614 2283 649 wir in ein heiteres, bachdurchſtrömtes Wieſental. Durch Garten⸗
1605 637 2285 673 grün lugten helle Hütten, und aus der Ferne rückten die Kirchtürme
1605 661 2285 696 von Dörfern näher. Den Flecken St. Joſeph de Rivière durchfuhren
1605 683 2287 718 wir auf ſchienenbelegter, enger Dorfſtraße ohne Bahndamm oder Ab⸗
1605 707 2287 741 ſperrung dicht vor den Türen der kleinen Häuſer. Niemand ſchien
1605 730 2285 765 vor dieſem Dampfgefährt rechten Reſpekt zu haben; weder die Be⸗
1605 753 2285 788 wohner, noch ihre Kinder, die ſich ſcharenweiſe auf der Straße tum⸗
1605 777 2287 814 melten und laut jehlend mit dem raſſelnden Ungetüm um die Wette
1605 801 1678 831 liefen.
269 1740 905 1776 Es verſteht ſich von ſelbſt, daß das dörferliche Wirtſchaftsbild,
228 1765 908 1800 wie wir es bisher kurz ſkizziert haben, ſich nach Einſicht und Ver⸗
230 1789 910 1824 mögen noch weit reicher und maleriſcher geſtalten läßt. Zu dem
230 1812 908 1847 Eimer in der Hausecke kann ſich die „Peede“, die ortsübliche Waſſer⸗
230 1836 908 1871 trage, geſellen; zur Peede der Schöpf⸗ oder Ziehbrunnen. An die
229 1859 910 1894 Regelmäßigkeit des ländlichen Betriebes erinnere ein altertümliches
230 1883 908 1918 Glockertürmchen oder das immer ſeltener werdende Schallbrett.
229 1907 908 1940 Unter dem hölzernen Vorſchauer, der ehemals ſo unvermeidlich war,
228 1929 908 1964 wie er jetzt ſelten wird, zeige der Dorfſchmied am Amboß und Blaſe⸗
228 1953 910 1987 balg ſeine beſcheidene Kunſt. Und ſeltene Bäume und Pflanzen, die
954 688 1593 723 An Material fehlt es alſo nicht, und es würde ſich empfehlen —
917 711 1596 746 wir träumen den ſchönen Traum bis zu Ende! —, der Anlage von
917 734 1596 770 vornherein freien Spielraum zu weiterer Entwickelung zu laſſen.
917 758 1593 793 Allerdings darf der Plan auch nicht uferlos werden. Als Arbeits⸗
917 781 1593 818 gebiet könnte nur Oſtpreußen in Betracht kommen, da ſonſt ein der⸗
917 805 1593 840 artiges Unternehmen Sache der Zentrale, des Staates oder der Reichs⸗
917 827 1596 863 hauptſtadt würde. Die Stadt Königsberg, die Verwaltungsſtellen
917 852 1596 885 der drei Regierungsbezirke und der Provinz, würden keinen Augen⸗
917 874 1596 909 blick das nockle officium verkennen, ein ſolches Inſtitut von ſeinem
917 897 1596 933 erſten Schritte an zu ſtützen und zu fördern, während als eigentlich
917 921 1596 957 ſachverſtändige und vielleicht auch ausführende Inſtanz in erſter
917 945 1596 980 Linie unſere Altertumsgeſellſchaft Pruſſia in Frage käme, in
917 967 1596 1003 deren „goldenen Speichern“ ja ſchon heute die vornehmſten Stücke
917 991 1596 1027 eines oſtpreußiſchen Freiluftnuſeums geborgen liegen. Sie harren
917 1016 1383 1047 der freien Luft und der rechten Verwendung!
1643 1292 2289 1329 Für die Entſtehung der Kartäuſerſtraße iſt der aus „forata
1605 1315 2290 1352 via“ hervorgegangene Name Fourvoirie bezeichnend. Früher war es
1605 1338 2290 1375 nicht möglich, durch die enge Schlucht in das obere Bergland „Le
1605 1362 2290 1399 Désert“ vorzudringen. Im 16. Jahrhundert legten die Mönche neben
1605 1384 2290 1421 dem ſchäumenden W. er einen ſchnalen Fußſteig an und verſchloſſen
1608 1407 2290 1443 den Zugang mit einer Tür, die die ganze, vom Kloſter erworbene
1608 1430 2290 1467 „Einöde“ völlig abſperrte. Erſt in den letzten Jahrzehnten ſchufen
1608 1453 2289 1491 großartige Sprengungen Raum für eine ſanft anſteigende Kunſt⸗
1608 1476 2288 1513 ſtraße. — Dem Lauf des Gießbachs entlang drang ſie tief ins Ge⸗
1608 1498 2289 1536 birge ein. Höher türmten ſich tannenbewaldete Berghänge über⸗
1608 1521 2289 1557 einander; enger umſchloſſen ihre felſigen Grundmauern die ſchäu⸗
1608 1545 2290 1580 menden Strudel. Sonnenſchein war aus den Taltiefen ſchon ge⸗
1608 1568 2291 1604 wichen; nur die Gipfel und einzelne mächtige Stämme und Aeſte an
1608 1591 2291 1626 hohen Lichtungen brannten feurig rot. Das Brauſen der Kaskaden
1608 1614 2270 1648 hallte feierlich durch die tiefe Stille der zur Rüſte gehenden Natur.
264 1374 908 1406 Noch wäre es an der Zeit, die Sammlerarbeit mit allem Eifer
224 1396 908 1431 zu betreiben; noch verſpricht ſie reellen Erfolg. Noch hat unſer
224 1419 908 1454 ethnologiſch ſo intereſſantes Litauertum nicht alle Blüten ſei⸗
224 1442 908 1476 ner Kraft im Zeitenſturme verloren! Der Siegeszug des modernen
224 1464 908 1499 Warenhauſes hat noch nicht den letzten Reſt volkstümlicher Induſtrie
224 1488 908 1523 und landſchaftlicher Selbſtändigkeit aufgezehrt. Und das iſt der
224 1510 908 1545 Grund, warum die Begründung eines oſtpreußiſchen Freiluftmuſeums
224 1533 908 1568 gerade jetzt als eine Forderung der Zeit anzuſehen iſt. Auch
224 1557 908 1591 wird es heute materiell noch möglich ſein, eigenartige Originalbauten
224 1580 908 1615 zum Abbruch und Wiederaufbau zu erwerben und für ihre Aus⸗
225 1602 908 1638 ſtattung mit Möbeln, Trachten, Schmuck, Akergerätſchaften und
225 1624 908 1662 Fahrzeugen zu ſorgen. Im Nordiſchen Muſeum zu Stockholm ſteht
225 1648 908 1684 eine Inſchrift, die wir Oſtpreußen beſonders beherzigen ſollten:
227 1671 908 1705 „Eskannein Tagkommen, da allunſer Goldnicht
225 1694 908 1730 hinreicht, um ein Bild der verſchwundenen Zeit
225 1719 399 1755 zu formen.“
1653 2800 2294 2838 „Sie iſt ſehr einfach. Aus Sparſamkeit, damit wir nur eine
1613 2825 2295 2865 Zeitung zu halten brauchen, habe ich mir auf Wunſch meiner Frau
1613 2848 2294 2886 angewöhnt, verkehrt geſtellte Schrift zu leſen. Wenn wir alſo Zei⸗
1613 2869 2295 2908 tungen oder Bücher zuſammen leſen, legen wir das Zeitungsblatt
1613 2894 2295 2932 zwiſchen uns, und ſie lieſt es von vorn und ich von hinten. So kann
1613 2916 2294 2953 man allerdings nur leſen, wenn man ſehr glücklich verheiratet iſt.
1613 2940 2295 2977 Ach, und wir waren ſehr glücklich verheiratet! — Wie wir noch ſo
1613 2963 2295 3000 leſen.“ fuhr er fort, „ſagt meine Frau plötzlich: Siehſt Du, wenn
1613 2987 2294 3023 wir nun Kinder hätten und dieſelben wären mit Hautausſchlägen,
1616 3010 2294 3046 Haarkrankheiten, Flechten, Weichſelzöpfen und derartigen Dingen
1616 3032 2294 3070 behaftet, ſo fänden wir hier die ſchönſte Gelegenheit, Rat und Hilfe
1616 3056 2294 3093 zu erlangen. Dabei zeigte ſie mir die Annonce einer bekannten Fa⸗
1616 3079 2294 3117 brik kosmetiſcher Artikel, in der dieſe Firma alle Mütter, deren Kin⸗
1616 3102 2294 3138 der an den angegebenen Krankheiten litten, aufforderte, ſich wegen
1616 3124 2295 3162 Erteilung koſtenfreier Ratſchläge an ſie zu wenden. — Ich lachte und
1616 3145 2295 3188 ſagte: Nun, wenn wir auch keine Kinder beſitzen, ſo könnten wir doch
954 267 1593 306 Aber die Kreiſe eines oſtpreußiſchen Freiluftmuſeums laſſen ſich
917 292 1593 327 ohne Phantaſterei noch viel weiter ziehen! Seine Anziehungskraft
917 315 1593 350 und Originalität braucht nicht auf ein Sextett von Bauerrhäuſern
917 338 1593 375 nebſt Zubehör beſchränkt zu bleiben. Ergibt ſich ſeine chronologiſche
917 362 1596 398 Begrenzung gegen die Gegenwart hin von ſelbſt, ſo erfreut ſie ſich
917 386 1596 421 rückwärts in die Vergangenheit vollſter Freiheit. Das Programm
917 409 1593 444 mag getroft bis in die Altertümer der provinziellen Vorzeit hinauf⸗
914 433 1593 468 reichen! Kein Bedenken würde einer Rekonſtruktion der in unſeren
917 455 1593 492 Gauer häufiger gefundenen Moorbrücken und Burgwälle entgegen⸗
917 477 1596 514 ſtehen. In einem Teiche ließe ſich das Studium des Pfahlbaues
917 501 1596 537 illuſtrieren. Die Geſchichte der heimiſchen Friedhofkunſt könnte in
917 524 1596 560 einem Abriß von den Gräberfeldern der Heiden an bis auf die
917 547 1593 584 frommen Grabbretter und die naiv mit Vögeln und Blumen be⸗
917 571 1593 607 malten Särge der Litauer vorgeführt werden. Und wo fände ſich für
917 595 1593 630 unſere Wikingerböte oder für denkwürdige Grenzſteire und Götzen⸗
917 619 1593 652 bilder eine paſſendere Stätte als dieſes lehrreiche Muſeum, das zu⸗
917 641 1593 679 gleich ein Spiegel der ganzen geiſtigen Kultur unſerer Vorfahren
917 667 988 698 wäre?
221 223 905 260 tzen für ein analoges Inſtitut zu bieten hätte. Wir glauben aber,
221 247 905 282 kein wirklicher Kenner unſerer Nordoſtmark wird um die Antwort
220 271 905 304 verlegen ſein. Auch bei uns ließe ſich leicht eine Anzahl entſprechen⸗
221 295 905 328 der Baulichkeiten zu einer ungezwungenen Dorfanlage vereinigen.
221 316 905 351 Wir denken zunächſt an ein Oberländer, Ermländer, Nehrunger,
221 339 905 375 Maſuren⸗ und Litauer⸗Haus. Für das letztere hat ſchon die
220 361 905 397 Litauiſch⸗Literariſche Geſellſchaft auf der Til⸗
220 383 905 420 ſiter Gewerbeausſtellung 1905 die Probe aufs Exempel gemacht.
220 409 908 442 Mitten im Grünen lachte da dem Beſucher ein fertiges Bauernhaus
221 431 907 466 im Schmucke ſeiner lebensbejahenden Couleuren und der Mannig⸗
220 453 905 489 faltigkeit ſeiner Ausrüſtungsgegenſtände entgegen. Da waren Mehl⸗
221 476 907 513 fäſſer, groß genug, den ganzen Jahresbedarf zu bergen, ein Quirl,
221 499 905 535 auf dem das Schrotmehl gemahlen wird, die rieſige Walke, ein höl⸗
220 523 908 559 zernes Ungetüm, in dem bisweilen unter Beihilfe der gantzen Fa⸗
220 545 905 580 milie der Fließrock des Hausherrn gewalkt wird, ein altlitouiſcher
220 568 907 604 Webſtuhl ſamt ſeinen Produkten, und nicht zu vergeſſen die Iriklitis,
220 591 905 627 eine Veranda, auf deren Wolm die Töpfe mit heimiſchen Lieblings⸗
220 615 704 647 blumen, Betunien, Pekargonien u..ſw. prangen.
957 1036 1598 1073 Gerade in unſerer, alles nivellierenden Zeit, — ſie iſt unendlich
917 1062 1596 1097 oft und nicht immer mit Recht ſo genannt worden — kommt es darauf
917 1084 1596 1119 an, die von den Zeitwogen rückſichtslos überſchwemmten erdwüchſigen
917 1108 1596 1143 Bilder und Erſcheinungsformen nach Möglichkeit noch feſtzuhalten.
917 1132 1596 1167 Anderswo mag es nicht ſo nötig ſein, wie bei uns. Gibt es doch Land⸗
917 1154 1596 1190 ſchaften und ganze Städte, die ihren Charakter werigſtens teilweiſe
917 1178 1598 1213 den Jahrhunderten zum Trotz erhalten: — es ſei nur flüchtig er⸗
917 1202 1598 1236 innert an die Vierlande, ar Mönchgut auf Rügen, an die alten
917 1225 1598 1260 Viertel von Danzig. Goslar, Hildesheim, Soeſt, Rothenburg, Nürn⸗
917 1248 1596 1284 berg, oder um ein fernerliegendes Beiſpiel zu wählen, an Konſtan⸗
917 1272 1598 1307 tinopel, das ſelbſt als ein Freiluftmuſeum des ganzen bunten
917 1294 1596 1329 Orients gelten könnte. An dem heiligen Beſitz unſerer Ver⸗
917 1317 1596 1355 gangenheit aber nagt der Zahn der Zeit, ohne rennenswerten Wider⸗
917 1342 1596 1376 ſtand zu finden. Deshalb retten, was noch zu retten
917 1365 1598 1399 iſt! Greift man die Sache vom rechten Ende an, ſo ergeben ſich
917 1388 1598 1424 überdies nicht nur theoretiſche und wiſſenſchaftliche Werte, ſondern
917 1412 1598 1447 auch national⸗ethiſche. Ein Freiluftmuſeum dient mittelbar der
917 1434 1598 1471 Erziehung des Volkes, beſonders der Erweckung der Jugend; ein An⸗
917 1458 1598 1495 ſchauungsurterricht größten Stils, durch den auch die Liebe zur
920 1482 1596 1518 Heimat geſtärkt und genährt werden würde, — die Heimatsliebe,
917 1504 1596 1541 die man auch im Zeitalter des Rundreiſebilletts nicht als wertloſe
917 1530 1185 1562 Ueberfracht anſehen ſollte!
262 635 908 672 Auch ein altſamländiſches Bauernhaus ließe ſich als
221 661 908 697 Prachtſtück ausſtaffieren. Seit Pfarrer Fiſcher den Typus eines
221 683 907 721 ſolchen einmal höchſt anſchaulich in einem Vortrage der „Pruſſia“
221 706 908 744 geſchildert hat, ſehen wir die ganze Ausſtattung faſt leibhaftig vor
221 729 908 764 uns: den eichenen oder eſchenen Sorgſtuhl, das Winkelſchaff, in dem
220 752 908 788 der Hausvater ſeine Wertſachen barg, die „Komme“, einen etwa acht
220 775 908 811 Fuß langen Kaſten mit verſchiedenen Fächern und ebenſo vielen
220 799 908 834 Klappdeckeln zur Aufbewahrung von Brot, Speck und Wäſche, ſowie
221 821 908 858 gum würdigen Sitze der Eltern bei Tiſch; das Himmelbett mit ſeinen
221 844 908 881 rot und weiß gewürſfelten Gardinen, die Lade mit der Mitgift an
221 867 908 903 ſelbſtgeſponnener und gewebter Wäſche, von dazwiſchen gelegtem
221 890 908 925 Lavendel durchduftet, in der auch die beſſeren Kleider und ſelbſt die
221 912 908 948 Sterbehemden eine Unterkunft fanden. Das Sterben war für dieſe
221 936 908 972 einfachen Menſchen nichts als der letzte Lebensakt, der wie alle ande⸗
221 958 908 995 ren ſeine Vorbereitungen erheiſchte. Auf dem Brautwagen durfte
221 982 908 1017 die Wiege nicht fehlen, und „auf der Lucht“ ſtanden die Särge der
221 1004 908 1041 Hauseltern. Dort oben aber „unter den Okeln“, in den vom Dach
221 1028 908 1063 und Eſtrich gebildeten Winkeln des Bodens, lagen auch alle jene
221 1051 908 1086 Dinge, die für den täglichen Gebrauch im Wege und zum Fortwerfen
221 1074 908 1109 zu ſchade waren. Und dieſes geheimnisvolle Gelaß des Bauern⸗
222 1096 908 1131 hauſes, das den Kindern ſeiner Bewohner ein aus Gruſeln und Ehr⸗
222 1120 908 1155 furcht gemiſchtes Gefühl einzuflößen pflegte, iſt bisweilen eine wahre
222 1143 908 1178 Fundgrube für den Kunſtgewerbler. Insbeſondere für den, der
222 1165 908 1201 hiſtoriſch zu empfinden vermag und ſich zu dem Satze bekennt, daß
222 1189 908 1224 die Vorbedingung der Schönheit die Zweckmäßigkeit ſei. Wie weit
222 1210 908 1247 und wie tief der Begriff „Kunſt des deutſchen Bauernhauſes“ reicht,
222 1234 908 1269 erfahren die Intereſſenten ſoeben erſt auf einer derartigen Sonder⸗
222 1257 908 1293 ausſtellung zu Schwanhe im bei Frankfurt a. M. Man hat hier
224 1281 908 1316 nur das, was aus alter Zeit im Dorfe erhalten iſt, zuſammengetra⸗
224 1303 908 1341 gen, und nimmt nun mit Staunen wahr, wieviel formenſchöne und
225 1326 908 1362 „angewandte Kunſt“ in einfachen Bauernhäuſern verborgen liegt,
222 1350 908 1381 von niemandem beachtet — am wenigſten von den Beſitzern ſelbſt.
1360 2936 1586 2972 (Nachdruck verboten.)
1151 2903 1391 2942 Von Karl Pauli.¹*
1041 1614 1473 1652 Von Dr. jur. Th. Fabian⸗Königsberg.
1094 2853 1430 2907 Das Scheidewaſſer.
1018 1572 1505 1624 In der Grande Chartreuſe.
917 219 1596 260 an ihrem Standort gefährdet erſcheinen, mögen die auf's Praktiſche
917 248 1223 281 gerichtete Szenerie verſchönen.
