2400 3344
2164 1105 2199 1127 1
2077 2471 2109 2494 —
2001 1430 2036 1464 Y
1977 1461 2065 1501 AEE
172 2703 745 2737 Ich hielt die Angelegenheit für erledigt, ſie war es nicht.
168 2957 782 2993 Damit hielten wir die Sache für erledigt. Sie war es nicht.
1557 2896 2145 2931 Nun dachte ich endlich Ruhe zu haben. Ich hatte ſie nicht.
856 3148 1508 3188 Nach knapp drei Tagen kam wieder ein Brief von der Firma, ſo⸗
1730 1844 2011 1877 Löſung des Arithmogriphs.
1630 1863 1736 1896 Breslau;
1728 1862 2113 1896 Rebe, Elſa, Salbe, Laura, Abel, Ural.
829 1993 1354 2026 andichtete. Ich beantwortete das Schreiben nicht..
1347 1993 1516 2026 Wir hielten die
829 2015 1106 2045 Angelegenheit für erledigt.
867 2292 1513 2328 Nunmehr hoffte ich, die Leute zufriedengeſtellt zu haben. Sie
826 2315 986 2344 waren es nicht.
1560 2773 2209 2811 Bis jetzt hatte meine Frau nur von Scheidung geſprochen, an
1520 2797 1910 2830 dem Tage ging ſie zum Rechtsanwalt.
1528 1903 2072 1934 Für die Redaktion verantwortlich: Dr. Ludwig
2064 1905 2214 1933 Goldſtein
1686 1925 2070 1961 (i. V.: Dr. Felix Borchardt)
1788 1948 1949 1976 in Königsberg.
1712 1775 2030 1808 Löſung der Steigerungsſcherze.
1588 1794 2155 1832 1. Zelt. Zelten: 2. Kamm, Kammer; 3. wagen, Wagner;
1703 1819 2038 1852 4. Mal, Maler; 5. meiſt, Meiſter.
864 2338 1513 2374 Denn kaum war eine Woche ins Land gegangen, als ſich wieder
826 2360 1191 2394 eine Zuſchrift der Firma einſtellte.
866 2384 1155 2414 Der Inhalt war folgender:
171 2634 814 2669 Ich ging hin, kaufte für drei Mark eine Flaſche Maitrank, die
141 2654 812 2694 wir gemeinſam als Wundbalſam des Mädchenknabens Bruno aus⸗
138 2680 487 2713 tranken und dabei herzlich lachten.
1559 2823 2209 2862 Ich aber ſchrieb an die Firma, daß ich ihr Waſſer nicht brauchen
1520 2847 2209 2887 könne, da die Scheidung bereits erfolgt ſei; ich ließ aus dieſem
1520 2870 1966 2905 Grunde die Nachnahmeſendung zurückgehen.
1715 1214 2036 1248 Was iſt das? Die Erſte nennt
1737 1238 1972 1268 Einen Buchſtaben nur.
1716 1256 2006 1289 Die Zweit' iſt ein Wanderer
1737 1279 1924 1309 Auf dunkler Flur.
1716 1296 1958 1328 Das Ganze jeder kennt.
1737 1321 1966 1349 Komm mit auf's Feld.
1716 1338 2002 1373 Dort iſt der laute Schwarm
1737 1360 1899 1393 Traulich geſellt.
862 2642 1510 2675 Meine Frau war außer ſich, ſie verlangte, ich ſolle den Chef der
824 2663 1510 2698 Firma fordern, er hätte doch ſicher ſtudiert, zum mindeſten aber we⸗
824 2687 1510 2724 gen Beleidigung verklagen und zugleich einen ſiedeſackgroben Brief
824 2710 925 2742 ſchreiben.
177 1665 820 1698 Dreimal täglich durften die „pères“ ihre Zellenwohnungen ver⸗
138 1683 822 1721 loſſen: zur Morgenandacht, Veſper und zum Mitternachtsgebet; und
138 1710 822 1746 nur einmal in der Woche zu einem gemeinſamen Spaziergang in
136 1731 284 1763 die „Einöde“.
876 432 1521 463 Leider waren die einſt würdig und ſchön ausgeſtatteten Säle
840 453 1521 486 ihres beſten Schmuckes beraubt. Denn alles Wervolle, was nicht
840 476 1521 510 niet⸗ und nagelfeſt war, vor allem die meiſten Wandgemälde hatten
840 499 1276 530 die Kartäuſer ins Ausland mitgenommen.
182 2290 817 2323 „Mein kleines Mädchen, mit Namen Bruno, hat auf der linken
141 2310 817 2346 Fußſohle einen Weichſelzopf. Was iſt zu tun?“ Wir lachten noch
138 2336 814 2371 wie die Kobolde, als wir die Karte in den Kaſten ſteckten, ſo gut
138 2357 473 2390 haben wir uns dabei unterhalten.
860 2850 1508 2884 Vergebens, ſie blieb dabei, ihre und ihrer Familie Ehre ſei aufs
821 2870 1508 2907 ſchwerſte verletzt und ich handle wie ein Feigling und Ehrloſer, daß
821 2894 1508 2932 ich ſie, meine Frau, nachdem ich ſie aufs ſchwerſte kompromittiert,
821 2917 1087 2948 nicht zu verteidigen wage.
171 2727 812 2761 Nach etwa vier Wochen lief wieder ein Schreiben von der Firma
138 2746 812 2785 ein, in welchem neben einem leiſen Vorwurf wegen Nichtbeantwor⸗
141 2772 812 2808 gung ihrer Zuſchrift angefragt wurde, wie ſich das Kind mit dem
136 2792 812 2833 Weichſelzopf an der Fußſohle befinde und ob das Mittel geholfen
138 2818 193 2846 habe.
1565 1569 1922 1602 In die Felder der Pyramide ſind
1924 1569 2215 1602 die Buchſtaben derart einzu⸗
1528 1591 2216 1623 tragen, daß die rechte und linke Treppe von unten nach oben geleſen
1528 1614 2216 1645 und die drei wagerechten Reihen Wörter von folgender Bedeutung
1528 1633 2216 1668 ergeben: 1. Land in Aſien; 2. Umſtandswort; 3. türkiſcher Name;
1528 1653 1964 1685 4. Märchengeſtalt 5. Königreich in Europa.
170 2839 812 2879 Der Brief war ſo höflich gehalten, daß es mir ungezogen er⸗
138 2863 812 2902 ſchien, denſelben nicht zu beantworten. Ich dankte alſo der Firma
138 2885 812 2925 für ihr freundliches Intereſſe und teilte ihr mit, daß ihr Mittel vor⸗
138 2909 809 2951 züglich geholfen, und der haarige Fleck, fälſchlich Weichſelzopf ge⸗
138 2933 475 2964 nannt, völlig verſchwunden ſei. —
866 2036 1516 2071 Sie war es nicht. Etwa drei Wochen darauf lief wieder ein
829 2059 1516 2095 Schreiben von der Firma ein, ob ſich die Flecke noch nicht gezeigt hät⸗
829 2084 1513 2118 ten, wenn nicht, ſo würde ſie ſich erlauben, für fünfzehn Mark per
829 2107 1516 2141 Poſtnachnahme ein ganz neues Mittel zu ſenden. Nichtbeantwortung
829 2130 1358 2160 des Briefes gelte als rechtsgültiges Einverſtändnis.
862 2733 1508 2769 Vergebens ſtellte ich ihr vor, daß wir uns die Konſequenzen un⸗
824 2756 1508 2791 ſeres Scherzes ſelbſt zuzuſchreiben hätten. Die Firma täte zwar
824 2779 1510 2814 etwas viel und dieſes auch aus egoiſtiſchen Gründen, aber wir hätten
824 2802 1510 2838 uns ja auch nicht aus allgemeiner Menſchenliebe, ſondern um uns zu
824 2825 1397 2857 amüſieren und ſie zum beſten „u haben, dahin gewandt.
184 520 828 554 Am nächſten Morgen tweckten mich Donner und Blitz. Heftiger
146 542 828 577 Regen peitſchte das kleine Fenſter meiner „Nonnenzelle“. Draußen
146 566 828 601 ballten ſich dichte graue Wolken feſt um die Berge und hingen tief
149 589 828 622 herab, faſt bis auf die ſpitzen Dächerpyratniden der Kloſterſtadt. Aus
146 611 756 644 den Wäldern ſchwebten überall weiße Nebelſtreifen aufwärts.
1563 2372 2213 2408 Aber auch ich wurde über die Zudringlichkeit der Leute endlich
1525 2394 2213 2431 aufgebracht uund erſuchte ſie energiſch, mich mit weiteren Zuſchriften
1525 2419 2212 2454 zu verſchonen, da meine Frau wegen der von der Firma ausgeſproche⸗
1525 2442 2212 2478 nen Verdächtigung, einer erblich belaſteten Familie zu entſtammen,
1525 2465 2081 2496 ſo erzürnt ſei, daß ſie ſich von mir ſcheiden laſſen wolle.
186 381 830 415 In einem der kahlen Räume, zu denen bis vor wenig Monaten
149 403 828 438 nur weibliche Weſen Zutritt hatten, ſaß eine bunte Hotelgeſellſchaft
149 425 828 460 bei der Table d'hote. Das Tiſchgeſpräch drehte ſich natürlich um die
149 448 828 482 Ereigniſſe bei der Vertreibung der Mönche. Für und wider Kartäu⸗
149 471 828 504 ſer oder Staatsregierung wurden mit ſüdlicher Lebhaftigkeit Lanzen
149 494 249 524 gebrochen.
174 2151 817 2185 Sonſt gebe ich gewöhnlich in ſolchen Fällen nach, aber diesmal
141 2174 817 2208 ſtützte ich mich auf meine Fußſohle, während meine Frau an ihrem
142 2197 817 2231 Weichſelzopf feſthielt. Endlich kam ein Kompromiß zuſtande. Meine
144 2219 817 2256 Frau erlaubte mir, beides zu vereinigen, wenn ich es vermöchte. Wir
146 2243 817 2280 haben uns wirklich koſtbar amüſiert. Ich ließ mir eine Poſtkarte
146 2265 425 2296 geben und ſchrieb folgendes:
876 686 1518 718 Der Regen hatte aufgehört. Sonnenſtrahlen huſchten garben⸗
837 707 1518 741 weiſe über die erfriſchten waldigen Hänge. Die Felſen rings zer⸗
837 731 1518 764 riſſen ihr dichtes Wolkenkleid und traten klar hervor: in der Runde
837 753 1518 788 ein rieſiger, von zackigen Gipfeln gekrönter Bergwall. Er umfriedigt
837 777 1518 811 die „Einöde“; und beſſer als das graue Gemäuer ſcheiden dieſe
837 800 1326 834 Höhen die geweihte Stätte vom Lärm der Welt.
867 2154 1516 2186 Wohl oder übel mußte ich nun antworten. Halb wütend, halb
826 2175 1515 2210 beluſtigt ſchrieb ich zurück, daß ihr erſtes Mittel bereits den genü⸗
826 2199 1516 2233 genden Erfolg gehabt und die Nachnahmeſendung unnötig ſei, da ſich
826 2223 1513 2256 nicht nur an einigen, ſondern an hundert Stellen des Körpers ſolche
826 2245 1513 2280 Flecke gezeigt hätten, ſo daß das Kind zurzeit ausſehe wie ein Pa⸗
826 2269 1269 2299 vian, in den die Motten gekommen ſeien. —
1562 2228 2213 2264 Unglücklicherweiſe fiel dieſer Brief meiner Frau in die Hand. —
1525 2250 2215 2287 Haſt Du ſchon einmal die Wutausbrüche eines Tigers wahrgenom⸗
1525 2276 2215 2311 men, eines Tigers, den man in einen ſtarken, eiſernen Käfig mitten
1525 2298 2215 2334 auf den Zentralviehhof ſtellt und ihm acht Tage nichts zu freſſen
1525 2321 2214 2357 gibt? So etwa, oder noch eine Nuance wütender war meine Frau.
1525 2343 2213 2379 Was ſie ſprach, dachte, ſchrieb, von was ſie träumte, war Scheidung.
138 1991 820 2026 immerhin welche haben, bilden wir uns einmal ein, wir hätten einen
138 2013 820 2048 Jungen. — — Nein, ein Mädel, ſagte meine Frau. Ich mochte mich
138 2036 820 2070 über das fragliche Geſchlecht des imaginären Kindes nicht ſtreiten
138 2059 820 2093 und erwiderte daher: Gut, ein Mädel, und dieſes Mädel hat eine
138 2082 817 2117 Flechte auf der Fußſohle. Nein, einen Weichſelzopf auf dem Schei⸗
138 2106 817 2141 tel. rief meine Frau, die in ſolchen Fällen meiſt entgegengeſetzter
138 2129 273 2160 Meinung iſt.
149 221 830 255 groß und klar. Ich fand keinen Eingang und ging weiter, einem
149 243 830 277 ſchwachen Lichtſchein entgegen, der nicht weitab vom Kloſter durch die
149 267 830 301 Bäume drang. Ein plumpes Steinhaus mit wenig kleinen Fenſtern
149 289 830 324 ſtand da. Aus der geöffneten Tür kamen Lampenſchein und Men⸗
149 311 828 346 ſchenſtimmen. Es war das zum Gaſthaus umgewandelte Nonnen⸗
149 334 828 369 taus, in dem früher auch die Damen der Reiſenden, weil ſie das
149 357 644 388 Kloſter nicht beſuchen durften, Unterkunft fanden.
877 523 1521 556 Auf dem Friedhof draußen neben der Kapelle war noch alles
840 544 1521 579 beim alten: unter einem hohen Kruzifix ſtanden die rundlichen
840 568 1521 603 Steinkreuze auf den Gräbern der Ordensgenerale und ſchlichte
837 591 1521 626 Holzkreuze für die „pères“. Abſeits hatte man die „frères“ — wie
837 614 1521 649 alle ohne Särge — verſcharrt; und da zeigte kein Hügel, kein Kreuz
837 638 1521 673 an, daß unter dem ebenen Raſen Menſchen ausruhten, die ſchon
837 662 1353 692 lange vor ihrem Tode dem Leben entſagt hatten
184 915 825 953 Durch eine kleine Seitentür führten uns ſtaatliche Aufſeher in
144 939 825 977 das Labyrinth der verlaſſenen Kapellen, Säle und Zellen. Die da⸗
144 963 825 999 rinnen gewohnt hatten, bildeten eine ſtraff geordnete und in Klaſſen
146 985 825 1021 abgeteilte Geſellſchaft. Ein Ordensgeneral war das Oberhaupt von
146 1009 825 1045 30 bis 40 „pères“, Geiſtlichen mit akademiſcher Vorbildung, die im
143 1030 825 1067 Mittelpunkt des Kloſterſtaates ſtanden. Minderberechtigt und auch
142 1053 825 1092 äußerlich von jenen unterſchieden waren die „frères“. Dazu kam noch
142 1076 573 1111 eine große Schar von dienenden Brüdern.
879 221 1521 256 Sonn⸗ und Feſttags vereinigten ſich die Mönche im großen Re⸗
842 243 1521 279 fektorium zum gemeinſamen Mahl. Auch dort war Schweigen ge⸗
842 268 1521 300 boten; nur die Bibelworte des Vorleſers hallten durch den Raum.
878 292 1521 325 Weiter zeigte man uns den Speiſeſaal für die im Kloſter ſtets
840 312 1521 348 gaſtfrei aufgenommenen Fremden, die weiten Kapitelſäle und die
840 337 1521 372 geräumige Wohnung des Ordensgenerals. Im Arbeitszimmer des
840 361 1521 394 Priors ſtand noch die einzige Uhr des Kloſters: der einzige Gegen⸗
840 383 1521 417 ſtand, der in dieſem Bereich der Weltferne an das Fortſchreiten der
842 407 1057 439 Zeit erinnern mußte.
167 2981 812 3017 Nach etwa weiteren vier Wochen kam ein neuer Brief von der
138 2996 812 3040 Firma, in dem ſie uns mitteilte, daß derartige Flecke niemals ganz
138 3025 812 3064 zu verſchwinden pflegten, da die Krankheit gewöhnlich ererbt ſei. Das
138 3046 812 3087 ſicherſte Zeichen, daß ſie im Verſchwinden begriffen, wäre, wenn ſich
138 3070 812 3112 auf einigen Stellen des Körpers zugleich kleinere ſolcher Flecken zeig⸗
138 3094 812 3133 ten. Eine weitere Anwendung der Salbe wurde empfohlen. Den
136 3114 809 3155 Brief hielt meine Frau für eine Unverſchämtheit, weil er ihrer Fa⸗
133 3138 812 3180 milie, an meine dachte ſie wie gewöhnlich nicht, erbliche Krankheiten
179 1756 820 1790 Das Nachtgebet dauerte von 12 bis 2 Uhr früh. Kurz vor
137 1779 820 1813 Mitternacht trieben Glockenklänge die Kartäuſer von ihren harten
138 1802 820 1837 Lagerſtätten. Dann öffneten ſich lautlos die Zellentüren, und ge⸗
138 1825 820 1859 ſpenſtiſch zogen die weißen Geſtalten mit flackernden Lichtern durch
138 1849 820 1883 die finſteren Gewölbe zur Kirche. Die war von drei Meter hoher
138 1871 820 1907 hölzerner Querwand in zwei Hälften geteilt. In der dem Altar
138 1895 820 1928 zugekehrten hatten die „pères“, in der anderen die „frères“ ihre Sitze.
138 1917 817 1952 Von hoher Galerie durften die fremden Gäſte auf das eindrucksvolle
138 1941 368 1973 Schauſpiel hinabſehen.
858 2941 1508 2976 Nun, Du biſt ja auch verheiratet und weißt, was in ſolchen
821 2959 1508 3000 Fällen zu tun iſt. Abwarten, bis ſich der Sturm gelegt und das
821 2987 1508 3022 Feuer erloſchen. Um aber den Sturm nicht aufs neue zu entfachen,
821 3010 1508 3046 der Flamme keine friſche Nahrung zu geben, kurz, um die Sache ein
821 3031 1505 3069 für allemal aus der Welt zu ſchaffen und auf immer Ruhe zu haben,
821 3055 1505 3091 teilte ich der Firma mit, daß ich für ihre weiteren Ratſchläge und
821 3077 1508 3115 Bemühungen leider danken müſſe, da das Kind geſtorben ſei. Jetzt
821 3101 1508 3141 hielt ich die Sache für endgültig und auf alle Zeit erledigt. Keines⸗
821 3125 886 3156 wegs.
866 2407 1513 2441 Das Ergebnis der Behandlung, ſowie die Erſcheinung der Krank⸗
826 2427 1513 2464 heitsform ſei eine äußerſt merkwürdige; ſie, die Firma, traue ſich
826 2453 1513 2488 nicht mehr zu, den Patienten weiter zu behandeln, ohne ein ſichtbares
826 2475 1513 2510 Zeichen der Erſcheinungsform der Symptome zu haben. Deshalb
826 2498 1513 2533 wurde ich erſucht, eine Phoiographie des Kranken anfertigen zu
826 2521 1513 2555 laſſen und ſie der Firma einzuſenden. Wahrſcheinlich — ſo lautete
826 2544 1513 2578 der Schluß des Briefes — handle es ſich hier um ein altererbtes, tief⸗
826 2567 1513 2601 wurzelndes Familienübel, wie es bei degenerierten Geſchlechtern
824 2590 1513 2625 häufig anzutreffen ſei, und dem auf die Spur zu kommen, wäre eine
824 2614 1089 2646 ſehr intereſſante Aufgabe.
1528 1996 2216 2028 gar ein ſchwarz geränderter. Derſelbe enthielt herzliche und wür⸗
1528 2017 2217 2052 dige Worte des Beileids, zugleich mit der Behauptung, daß es ſehr
1528 2040 2216 2075 unvorſichtig ſei, zu glauben, daß ich die Ratſchläge der Firma von
1528 2063 2216 2098 jetzt ab entbehren könne, im Gegenteil, dieſelben ſeien für mich von
1528 2085 2215 2120 größter Wichtigkeit, falls, wie das ja wohl nicht ausbleiben könne,
1528 2109 2216 2143 ſich von neuem Zeichen des zu erwartenden Kinderſegens bemerkbar
1525 2132 2215 2167 machten. Die Firma erwarte beſtimmt von mir, benachrichtigt zu
1525 2155 2216 2190 werden, um meine Frau einer rationellen Behandlung unterwerfen
1525 2178 2215 2215 zu können, da ſicher nur auf ein ererbtes Familienübel des ſeltſame
1525 2201 2138 2235 Leiden und der raſche Tod des Kindes zurückzuführen ſeien.
1556 2922 2206 2962 Schon am nächſten Tage kam wieder ein Brief von der Firma,
1520 2944 2206 2982 in dem ſie mich bat, die Nachnahmeſendung doch einzulöſen. Das
1520 2968 2205 3007 Aeskulapwaſſer gewinne bei längerem Liegen und ſei für junge Ehe⸗
1517 2992 2206 3030 frauen ein wahrer Schatz. Ich würde ihr daher bei einer doch ganz
1517 3016 2205 3053 ſicher in Ausſicht ſtehenden Wiederverheiratung großen Dank wiſſen,
1517 3038 2205 3075 im Beſitz des Waſſers zu ſein. — An dieſem Tage zog meine Frau
1517 3061 2204 3099 zu ihrer Mutter, und ich ſchrieb der Firma eine eingeſchriebene Poſt⸗
1517 3084 2204 3121 karte. Sie enthielt wenige, aber verſtändliche Worte. Das Aeskulap⸗
1517 3107 2205 3144 waſſer ging noch zur ſelben Stunde zurück. Aber wenn auch alle
1517 3130 2206 3169 Flaſchen zerſchlagen angekommen ſein ſollten, unſer Scheidewaſſer
1518 3154 1745 3190 iſt es doch geworden!
176 2383 814 2416 Am nächſten Tage hatten wir natürlich die Geſchichte vergeſſen.
138 2400 817 2438 Aber ſie ſollte uns in Erinnerung gebracht werden. Nicht lange dar⸗
138 2426 817 2462 auf lief ein ſehr ausführliches Schreiben von der betreffenden Firma
138 2450 814 2485 ein. In demſelben ſtand: daß es ſich wohl kaum bei dem wahrſchein⸗
138 2472 814 2508 lich fälſchlich als Mädchen aufgeführten Knaben Bruno um einen
138 2495 814 2531 Weichſelzopf handle, da dieſe nicht auf Fußſohlen, ſondern nur auf
138 2518 814 2554 dem Kopfe zutage treten. Dennoch ſeien behaarte Flecke an den ver⸗
141 2540 814 2578 ſchiedenſten Körperſtellen keine ungewöhnliche Erſcheinung, derglei⸗
138 2564 814 2601 chen müſſe mit einer von der Firma angefertigten Salbe behandelt
138 2587 812 2625 werden. Preis der Büchſe drei Mark. Zugleich wurde gebeten, über
138 2610 715 2643 den weiteren Verlauf der Krankheit Bericht zu erſtatten.
1563 2492 2211 2529 Jetzt dachte ich beſtimmt, daß ich Ruhe haben würde, aber ich
1522 2514 2210 2551 täuſchte mich. — Schon zwei Tage nachher traf die Antwort der
1522 2538 2209 2575 Firma ein. In dem Schreiben war das tiefſte Bedauern ausgeſpro⸗
1522 2562 2210 2597 chen, daß die wohlgemeinten Ratſchläge der Firma einen ſo unglück⸗
1522 2584 2210 2620 lichen Entſchluß von ſeiten meiner Frau Gemahlin gezeitigt hätten,
1522 2608 2210 2644 indem zugleich die Hoffnung ausgeſprochen wurde, daß derſelbe nicht
1522 2632 2210 2668 zur Ausführung gelange, da meine Frau die Aufdeckung eines
1522 2653 2209 2689 Uebels, das ſie doch nicht verſchuldet, unmöglich übelnehmen könne.
1522 2676 2209 2713 Dasſelbe ſei ja übrigens leicht zu heben und würde nach Gebrauch
1520 2699 2209 2737 der zehn Flaſchen Aeskulapwaſſer, die anbei unter ſiebenundzwangig
1520 2722 2207 2761 Mark Nachnahme per Poſt folgten, bald beſſer werden und bei länge⸗
1520 2746 1958 2779 rem Gebrauch des Waſſers leicht ſchwinden.
186 640 825 674 Wunderlich maſſig und nüchtern erſchien die Bauart der Char⸗
146 662 825 696 treuſe, der vielen dem Hauptſchiff angegliederten, würfelförmigen
146 683 825 720 Einzelhäuſer. Sie ſchuf mit der Eintönigkeit der ſchmalen, ſchmuck⸗
144 706 825 741 loſen Fenſteröffnungen und der das Gantze ſamt einem weiten Strei⸗
144 731 825 766 fen Gartenlandes vom Walde rings abgrenzenden Mauer den Ein⸗
144 753 825 787 druck einer altertümlichen Feſtung. Und wirklich hatten die letzten
142 776 825 810 Bewohner ſich Streitbarkeit mittelalterlicher Mönche zum Vorbild
142 799 825 834 genommen und bei ihrer Vertreibung ſich kriegeriſch gegen die Staats⸗
142 821 825 857 gewalt gewehrt. Als ich mit der Hotelgeſellſchaft zur Beſichtigung
143 844 825 881 der Chartreuſe hinüberging, fanden wir das Haupttor in der äußeren
142 868 825 905 Ringmauer noch von jenem Widerſtand der Kloſterbrüder her ge⸗
144 890 807 925 ſchloſſen und mit dicken Baumſtämmen feſt von innen verrammelt.
182 1105 822 1141 Ein ſchmaler und erſtaunlich langer Korridor mi⸗ ſchönem,
141 1126 822 1165 ſpitzbogigem Gewölbe führte zu den Wohnungen der „pères“. Von
140 1150 822 1189 denen hatte jeder einen der dem Hauptſchiff in regelmäßigen Abſtän⸗
140 1174 822 1213 den angebauten Häuſerwürfel zur Verfügung; darin ſpielte ſich
138 1197 822 1236 der größte Teil des mönchiſchen Lebens ab. Nur zwei Verbindungen
138 1221 822 1257 mit der Außenwelt gab es dort: eine Tür nach dem gemeinſamen
138 1244 822 1281 Korridor, auf der ein Buchſtabe und ein Bibelſpruch den Bewoh⸗
138 1268 822 1304 ner anzeigte, und daneben noch eine vierkantige Röhre quer durch
138 1290 822 1327 die meterdicke Mauer. Die diente zum Hineinreichen der Speiſen
138 1314 822 1352 in die Zelle; und zwei kleine Türen daran bewirkten, daß zwiſchen
138 1336 822 1375 Mönch und „frère hotelier“ weder Wort noch Blick gewechſelt wer⸗
138 1360 822 1397 den konnte. Durch die Eingangspforte gelangte man in ein Vor⸗
138 1384 822 1421 zimmer. Das lag zu ebener Erde und führte hinaus nach dem
138 1407 822 1446 kleinen Garten, der den Raum zwiſchen je zweien der Einzelhäuſer
138 1431 822 1467 ausfüllte. Obſtbäume und Blumen wuchſen darin und wurden
138 1454 822 1490 früher liebevoll gepflegt; nun wucherte ſchon viel Unkraut zwiſchen
138 1478 822 1513 den Stämmen. Von drei Seiten umgaben Hauswände den Garten,
138 1501 820 1536 und auf der vierten trennte ihn eine hohe Steinmauer von der
138 1524 820 1560 Freiheit der Waldgebirge. Nur die eigenen Fenſter ſchauten herab.
138 1548 820 1583 Neben dem Vorraum lag das Arbeitszimmer des „père“ im Erd⸗
141 1570 820 1607 geſchoß, und von da führte eine Treppe zu Schlaf⸗ und Wohnzim⸗
142 1594 820 1628 mer des erſten Stockwerkes. Höchſt einfache fichtene Möbel, eine
144 1616 822 1652 kleine Bibliothek und Geräte zur Ausübung eines Handwerks bil⸗
141 1639 435 1669 deten die ganze Ausſtattung.
1536 221 2220 254 der Boden bereitet. In 52 v. H. der Fälle wurden bei den ſchwach⸗
1536 244 2222 276 ſinnigen Kindern ſchon im Säuglingsalter Wachstumshemmungen
1536 263 2222 296 beobachtet. Dem entſpricht, daß ſie auch im ſchulpflichtigen Aller
1536 284 2221 315 körperlich ſchlechter entwickelt waren als normale Kinder. Die häu⸗
1536 305 2222 336 figſte Kinderkrankheit, die Rhochitis, ſcheint nur eine untergeord⸗
1536 325 2222 356 nete Rolle zu ſpielen; ebenſo weniig diſponieren Infektionskranhei⸗
1536 345 2222 378 ten zur Geiſtesſchwäche. Umgekehrt ſind aber geiſtesſchwache Kinder
1536 365 2222 397 für Infektionen beſonders empfänglich. In hohem Maße verhäng⸗
1533 386 2222 417 nisvoll können die Nervenkrankheiten den Kindern werden. Einige
1533 405 2222 438 von ihnen, unter anderen die Epilepſie, führen leicht zu Störungen
1533 427 2222 458 oder Hemmungen der geiſtigen Entwickelung. In 13 v. H. der Fälle
1533 447 2221 478 gaben die Eltern an, daß ſchwere Unfälle, insbeſondere Kopfverletzun⸗
1533 467 2221 499 gen, den Schwachſinn verurſacht hatten, aber Schleſinger glaubt, daß
1533 488 2221 519 man ſich dieſen Angaben gegenüber kritiſch verhalten müſſe. Selbſt
1533 508 2221 540 ſchwere Gehirnerſchütterungen verurſachen den Schwachſinn nicht
1533 529 2221 560 ohne weiteres, ſondern kommen nur als auslöſendes Moment bei
1533 548 2221 579 einer ausgeſprochenen erblich überkommenen Prädispoſition in Be⸗
1533 569 2221 601 tracht. Im allgemeinen muß geſagt werden, daß das Geſetz der Erb⸗
1533 589 2220 621 lichkeit durchaus nicht die ganze Entwickelung der Kinder beherrſcht,
1533 610 2220 642 vielmehr iſt das ſoziale Milieu der Kinder von hervorragender Be⸗
1533 631 2221 661 deutung. Gerade der kindliche Organismus iſt den Einflüſſen der
1533 650 2219 682 Umwelt leicht zugänglich. Faſt drei Viertel der Hilfsſchüler gehör⸗
1533 671 2220 703 ten den ärmſten Bevölkerungsſchichten an. Die mangelhaften Er⸗
1533 692 2219 722 nährungsverhältniſſe, die große Wohnungsnot, ungeeignete Schlaf⸗
1533 712 2221 744 gelegenheiten, Schmutz und Verwahrloſung müſſen notwendig auf die
1530 733 2219 764 körperliche und geiſtige Entwickelung der Kinder höchſt ungünſtig ein⸗
1530 752 2219 784 wirken. Tatſächlich trifft körperliche und geiſtige Minderwertigkeit
1530 773 2219 804 häufig zuſammen. Schon unter den normalen Schülern leiſten die
1530 794 2219 824 körperlich beſſer entwickelten Kinder auch geiſtig mehr; die geiſtig
1530 814 2218 845 minderwertigen bleiben aber an Größe und Gewicht im Durchſchnitt
1530 834 2218 866 um 1 ½ Jahre hinter den normalen Schülern zurück. Dies hat
1530 854 2218 887 Schmid⸗Monnard bereits 1900 feſtgeſtellt, und ſein Befund konnte
1530 874 2218 907 von Schleſinger beſtätigt werden. Schädelmeſſungen ergaben, daß
1530 894 2218 926 die Kopfmaße in 10 v. H. der Fälle über die normale Maximu⸗
1530 915 2218 948 größe hinausgingen, während das normale Minimalmaß in keinem
1530 937 2216 967 Falle überſchritten wurde. Sehr häufig kommen aſymmetriſch ent⸗
1530 956 2217 987 wickelte Schädel vor. Im übrigen ließen ſich in zahlreichen Fällen
1530 978 2216 1007 Sinnesdefekte und Sprachſtörungen feſtſtellen. Es liegt auf der
1530 997 2216 1029 Hand, daß unter ſolchen Umſtänden eine von Hauſe aus ſchwache Be⸗
1530 1017 2215 1049 gabung noch erheblich verſchlechtert werden kann. Der Geſichtsaus⸗
1530 1038 2216 1069 druck der Kinder deutet durchaus nicht immer eine intellektuelle Rück⸗
1530 1058 2216 1089 ſtändigkeit an. In 52 v. H. der Fälle war den Eltern die Intelli⸗
1530 1080 2217 1112 genzſchwäche ihrer Kinder nicht beſonders aufgefallen oder vollſtändig
1530 1102 1647 1130 entgangen.
873 905 1521 937 Der berühmte Pſychiater Kräpelin hat einmal die Hilfsſchalen
834 927 1521 959 ein ausgezeichnetes Beobachtungsmaterial genannt, um die Fragen
834 948 1518 979 nach der Bedeutung des Alkohols, der Syphilis, der Erblichkeit einer⸗
834 968 1518 999 ſeits, der erworbenen körperlichen Gebrechen andererſeits für die
834 988 1518 1021 Erzeugung der geiſtigen Schwächezuſtände zu prüfen. Er hofft, daß
834 1009 1518 1040 durch die ärztliche Tätigkeit an den Hilfsſchulen ein tieferes Ver⸗
834 1029 1518 1061 ſtändnis für die Urſachen der Entartung gewonnen werden wird.
834 1048 1521 1081 Leider werden aber von den Aerzten im ganzen nur wenig Arbeiten
834 1070 1521 1103 über Beobachtungen an Hilfsſchulen veröffentlicht. In den letzten
834 1090 1518 1122 vier Jahren hat nun der Straßburger Kinderarzt Eugen Schleſinger
834 1111 1518 1143 138 ſchwachbegabte Kinder einer ſogenannten Hilfsſchule unter⸗
834 1131 1518 1163 ſucht. Es gelang ihm, wie er in dem „Internationalen Archiv für
834 1152 1518 1183 Schulhygiene“ mitteilt, nicht nur den körperlichen und geiſtigen Zu⸗
834 1172 1518 1203 ſtand der Kinder feſtzuſtellen und ihre Entwickelung zu verfolgen,
834 1192 1518 1224 ſondern auch bezüglich der Vorgeſchichte der Kinder und deren Fa⸗
834 1213 1518 1245 milien wichtige Daten zu gewinnen. Die Zahl der ſchwachbegabten
834 1234 1518 1265 Schulkinder beträgt in Straßburg 1,1 v. H., und gwar gibt es unter
834 1254 1518 1285 den Knaben mehr Schwachſinnige als unter den Mädchen. 54 v. H.
834 1274 1518 1305 der Kinder konnten, da ſie das Lehrziel der Hilfsſchule glatt erreich⸗
834 1294 1518 1326 ten, als nur leicht ſchwachſinnig bezeichnet werden; 33 v. H. litten
834 1315 1521 1346 an einem Schwachſinn höheren Grades, da für ſie die Wiederholung
834 1336 1521 1368 des einen oder des anderen Jahreskurſes nötig wurde, und bei 13
834 1356 1521 1387 v. H. hatte der Schwachſinn einen noch höheren Grad erreicht, da ſie
834 1376 1518 1409 das Lehrziel der Hilfsſchule überhaupt nicht zu erreichen vermochten.
834 1396 1518 1429 Die Familiengeſchichte ergab, daß in vielen Fällen prädiſponierende
834 1418 1518 1448 Momente für das Auftreten des Schwachſinns nachweisbar waren.
834 1437 1518 1470 In 22 v. H. der Fälle waren ausgeſprochene Nerven⸗ und Geiſtes⸗
834 1458 1518 1490 krankheiten, Pſychoſen und Epilepſie in den Familien der ſchwach⸗
834 1478 1518 1511 ſinnigen Kinder vorgekommen. Die Zahl der Fälle ſtieg aber auf
834 1498 1516 1531 49 v. H., wenn auch geringere nervöſe und geiſtige Mängel der El⸗
832 1519 1518 1550 tern, wie Hyſterie, Neuraſthenie und vor allem der Schwachſinn
832 1539 1518 1572 ſelbſt in Betracht gezogen wurden. Ein zweiter wichtiger Faktor
832 1560 1518 1591 war die Trunkſucht der Eltern. In 30 v. H. der Fälle war eines
832 1580 1518 1611 der Eltern ein Trinker. Es iſt intereſſant, daß es ſich dabei nur in
832 1600 1518 1631 3 bis 5 v. H. der Fälle um notoriſche Säufer handelte. Der gele⸗
832 1620 1518 1651 gentliche oder periodiſche Mißbrauch alkoholiſcher Getränke wirkt
832 1641 1518 1671 demnach auf die Nachkommenſchaft ebenſo ſchädigend wie der chro⸗
832 1660 1518 1691 niſche Alkoholismus. Wenn Trunkſucht und Geiſteskrankheit der
834 1680 1518 1712 Eltern zuſammentreffen, ſo ſteht es um die Nachkommenſchaft be⸗
834 1701 1518 1733 ſonders ſchlimm. Es iſt nicht zu überſehen, daß der Alkoholismus
834 1721 1518 1753 überhaupt ſehr oft mit anderen Faktoren von ungünſtigem Einfluß
832 1741 1516 1774 zuſammenwirkt. Auffallend iſt, daß ungewöhnlich viele Hilfsſchüler
832 1763 1518 1793 ihre Eltern an der Schwindſucht verloren. In 24 v. H. der Fälle
834 1783 1518 1816 ließ ſich in der Aszendenz der Kinder Tuberkuloſe feſtſtellen. Es er⸗
832 1803 1516 1835 gab ſich ſchließlich, daß die Kinderſterblichkeit in den Familien der
832 1824 1518 1855 Hilfsſchüler eine größere war als in den Familien normaler Schüler.
834 1844 1518 1877 Durch die Feſtſtellungen über das Vorleben der Kinder ſelbſt wurde
832 1865 1516 1896 ermittelt, daß das Vorkommen epileptiſcher Anfälle der Mutter
832 1885 1518 1918 während der Schwangerſchaft einer normalen geſtigen Entwickelung
832 1907 1518 1938 des Kindes verhängnisvoll werden kann; ferner wird durch Ver⸗
832 1926 1516 1958 dauungskrankheiten im Säuglingsalter und die ſich ihnen anſchlie⸗
832 1947 1518 1976 ßenden Ernährungs⸗ und Stoffwechſelſtörungen dem Schwachſinn
1806 1753 1934 1781 Keſſeltreiber.
1798 1390 1946 1429 Vyramide.
1955 1497 2080 1538 EIIII
1931 1533 2105 1573 LLNNRST
1774 1185 1977 1223 Scherzſcharade.
1737 1729 2003 1765 Löſung des Bilderrätſels.
1680 1139 2069 1191 Spiel⸗ und Rätſelecke.
1540 1697 2201 1741 Auflöſungen der Zätſelaufgaben vom 25. Auguſt.
880 854 1478 909 Die Urſachen ſchwacher Begabung.
