2400 3344
1545 2655 1862 2686 Wie ſonderbar er ſich beträgt!
1540 3104 1878 3140 Und der Wind wird zum Sturm.
850 2506 1494 2543 Dorthin flüchtete auch der Pfarrer, ſeinen kleinen Sohn vor ſich
813 2527 859 2558 auf
850 2528 987 2558 dem Pferde.
1509 1945 2193 1981 daß er nahe daran iſt, zu erſticken. — „Gott ſei Dank! Sie kehren
1509 1969 1965 2000 um, ſie ſehen ihn nicht! Er iſt gerettet!“ —
855 2058 1497 2096 Jetzt ſieht man an der Landſpitze drei ſchwarze Schiffe er⸗
816 2081 907 2115 ſcheinen.
851 2223 1497 2262 Man beſaß Höhlen, ſichere Zufluchtsſtätten in den Bergen, und
813 2245 1059 2278 dorthin eilten nun alle.
852 2106 1497 2143 Alle wiſſen, was das bedeutet: Flucht von Haus und Hof. Angſt,
813 2127 1281 2160 Not und Hunger in dem kommenden Winter.
562 2065 782 2102 (Nachdruck verboten.)
161 2095 801 2134 Es war zu Qualbö auf den Färöern, an einem ſchönen Auguſt⸗
125 2119 394 2150 morgen des Jahres 1629.
1545 2607 2191 2644 Unten am Strande ſteht Herr Paul, hochaufgerichtet, und das
1506 2629 1984 2669 dunkle Haar flattert ihm um das bloße Haupt.
1542 3010 2186 3049 Aber der Pfarrer fällt in dem Seetang zuſammen, und ſtöh⸗
1504 3032 2187 3076 nend entringt es ſich ſeinen Lippen: „Mein Gott, was habe ich ge⸗
1504 3056 1574 3089 tan?“
852 2154 1497 2189 Es war das zweitemal, daß Seeräuber das wehrloſe Dorf
813 2177 1497 2215 plünderten — ſchwarze Seeräuber, denen nichts heilig war, ungläu⸗
813 2201 1124 2230 bige Türken, wie man meinte.
156 2818 798 2856 Der Knabe ſpringt in dem vom Tau feuchten Graſe herum,
120 2839 798 2881 wie ein kleines Lomm; hundert Dinge hat er zu fragen, auf hun⸗
120 2862 481 2897 dert Dinge aufmerkſam zu machen.
162 2143 801 2178 Die Sonne ſtand glühend rot vor der Fiordmündung, leicht
126 2166 801 2202 eingehüllt in feine, weiße Meernebel, die golddurchwirkten, indi⸗
126 2189 478 2219 ſchen Brautſchleiern ähnlich ſehen.
158 2631 798 2667 Von dem alten Pfarrhauſe her, an der Südſeite der Bucht,
120 2652 798 2694 kommt jetzt der Pfarrer der Gemeinde, Herr Paul Rasmuſſen, ſei⸗
120 2677 447 2710 nen kleinen Sohn an der Hand.
1544 2773 2189 2808 Er hebt drei Muſchelſchalen auf; lange behält er ſie in der
1506 2792 2189 2835 Hand und beſieht ſie. Dann wirft er ſie weg und zertritt ſie, aber
1506 2818 1993 2851 gleich darauf ſucht er wieder nach drei anderen.
1548 1993 2192 2028 Da ſchaut ein blonder Knabenkopf aus den ſchwarzen Felſen
1509 2015 2026 2051 hervor, und eine dünne Stimme ruft: „Vater.“
2019 2018 2193 2052 Der Kleine hat
1509 2039 1973 2072 ſich durch das Prieſtergewand täuſchen laſſen.
154 3029 798 3069 *) Der Verfaſſer iſt ein däniſcher Pfarrer, der längere Zeit auf
120 3049 798 3089 den Färöern amtiert hat und deſſen Skizzen ſchon um ihrer ſchönen
120 3070 798 3113 Natuſchilderungen wegen verdienen. in Deutſchland bekannt zu
120 3094 301 3126 werden. D. Red.
850 2412 1494 2447 Wohl zwanzig Fuß oder noch mehr unterhalb des Berges be⸗
813 2432 1494 2470 findet ſich ein kleiner grasbewachſener Vorſprung, zu dem ein enger
813 2457 1494 2496 Pfad führt, deſſen Anfang gut verborgen iſt und leicht verteidigt
813 2481 953 2512 werden kann.
1545 2677 2191 2713 Bald preßt er die gefalteten Hände gegen die Bruſt und blickt
1506 2699 2191 2737 nach dem Himmel, bald faßt er ſich an den Kopf oder ringt die
1506 2724 2189 2764 Hände nach dem Meere zu. Dann geht er wieder roſtlos auf und
1506 2747 1976 2779 ab, wie einer, der ſich in höchſter Not befindet.
850 2669 1494 2705 Das Pferd konnte nicht mehr weiter. Der Pfarrer ſtieg ab und
810 2690 1494 2728 nahm den Knaben an die Hand. Die Verfolger kamen ihnen mit
810 2716 1494 2753 jedem Augenblick näher, und man hörte bereits deutlich, wie Steine
810 2740 1199 2771 und Geröll mit Getöſe herunterfielen.
1551 1828 2195 1864 „In dieſer Armut welche Fülle!“ — Vielleicht wird gerade durch
1509 1851 2194 1888 das letzterwähnte Projekt der Herren Direktor Emil Högg und
1509 1874 2193 1909 Dr. Karl Schäffer vom bremiſchen Gewerbemuſeum manchem
1509 1897 2193 1931 unſerer Landsleute die Frage nahegelegt, was denn nun Oſt preu⸗
854 1943 1500 1978 Da ertönt plötzlich ein gellender Ruf in dem ſtillen Fjord, und
816 1965 1500 2000 die Berge hallen ringsumher wieder. Die Möwen entfalten ihre
816 1988 1500 2024 weißen Schwingen, und die Eidergänſe drehen neugierig den Kopf
816 2012 1497 2050 herum — da, wieder ein Hilferuf, durchdringend, warnend, voller
816 2035 891 2067 Angſt!
162 2375 801 2411 Der Fjord liegt totenſtill da und fängt in ſeinem ſchwarzen
123 2394 801 2435 Spiegel mit dem hellen Rahmen dieſe ganze Herrlichkeit auf, von
123 2420 801 2456 der Kirche mit der weißen Spitze an bis zu den niedrigen, grasbe⸗
122 2443 801 2484 wachſenen Hütten, von deren Dächern der Rauch ſentrecht in die
122 2466 247 2499 Höhe ſteigt.
851 2551 1494 2587 Sie tamen hinter den anderen Leuten her, und das Pferd
813 2573 1497 2611 konnte auf dem ſteilen Berge nur langſam gehen. Wohl hatte Herr
813 2598 1494 2634 Paul gehofft daß ſeine Verfolger bei dem Pfarrhofe Halt machen
810 2622 1494 2659 würden, jetzt ſah er aber zu ſeinem Schrecken, daß ihm ein Trupp
810 2645 1046 2675 ins Gebirge nachſetzte.
158 2703 798 2737 Jeden Morgen gehen die beiden, der hochgewachſene, gebräunte
120 2720 798 2760 Mann und der kleine Knabe mit dem blonden Haar und den blauen
120 2746 798 2785 Augen, denſelben Weg; vom Pfarrhofe am Fjorde entlang nach der
120 2770 798 2811 Kirche, in deren Chor Herr Paul ſeine Frau vor einem Jahre be⸗
120 2794 679 2827 graben hat. An ihrem Grabe beten ſie jeden Morgen.
155 2887 798 2925 An der Quelle pflückt er große, gelbe Butterblumen, für das
120 2906 798 2947 Grab der Mutter, ſo viele, wie die kleinen Hände nur halten kön⸗
120 2934 798 2971 nen, und der Pfarrer ſieht ihm mit einem Blick zu, wie nur der⸗
120 2956 798 2999 jenige auf ſein Kind ſieht, welcher nur dieſen einzigen Schatz auf
120 2980 256 3017 Erden beſitzt.
852 2271 1497 2305 Die Töpfe blieben unbeachtet auf dem Feuer ſtehen, die klei⸗
813 2294 1497 2329 nen Kinder wurden aus den Betten geriſſen, die alten Leute auf
813 2317 1494 2353 Pferde geſetzt — überall Geſchäftigkeit, Tränen und Verwirrung!
852 2343 1494 2377 Die, welche auf der Südſeite des Fjordes wohnten, ſuchten Zu⸗
813 2361 1494 2401 flucht in dem Berge öſtlich von Karagjow, dort, wo er ſenkrecht zum
813 2387 993 2419 Meere harabfällt.
160 2492 798 2529 Auf dem weißen Strande, wo die kleinen Wellen langſam über
122 2510 798 2551 den Sand laufen, ſtehen große Meermöven ganz ſtille da, ohne ſich
122 2538 798 2574 zu rühren, und außerhalb des Ufers liegen Scharen von Eidar⸗
122 2561 798 2596 gänſen auf der Flut; aber kein Laut kommt von ihnen, keine Be⸗
122 2585 798 2622 wegung, alle dieſe Köpfe ſind in ſtiller Andacht dem ſtrahlenden
122 2605 302 2638 Lichte zugewandt.
849 2767 1494 2805 Schweißtriefend und atemlos kamen Vater und Sohn den Berg
810 2789 1494 2829 hinauf; der Pfarrer zog ſein Gewand aus und eilte weiter, an den
810 2815 1494 2851 ſchweren Felsblöcken vorbei, die hier auf dem Hochgebirge zerſtreut
810 2838 1494 2874 umherliegen. Wohl ſah er ein, daß ihm keine Zeit mehr blieb, den
810 2860 1494 2901 Pfad, der ihn erretten konnte. zu erreichen, ohne ihn nicht gleich⸗
810 2885 1133 2918 zeitig dem Feinde zu verraten.
164 2212 801 2248 Im Oſten, unter den Fjelden liegen noch ſchwarze Schatten.
130 2233 801 2272 aber im Süden und Weſten ſtehen die knorrigen alten Kämpen mit
130 2256 801 2294 ihren verdrehten Spitzen und halb verwitterten Zinnen da und er⸗
128 2280 801 2317 ſtrahlen bis zun oberſten Gipfel in Gold und Purpur. Unter den
125 2303 801 2341 Felswänden, an der breiten Bucht entlang, liegt das Land ſma⸗
125 2328 801 2366 ragdgrün und taufriſch und erglänzt weit hinaus mit ſeinen Hun⸗
125 2349 435 2384 derten von friſchen Heubaufen.
1545 2845 2189 2883 Jetzt kniet er im Seetang nieder und murmelt etwas vor ſich
1506 2868 2188 2908 hin. Sein Antlit iſt bleich, ſeine Züge ſind verzerrt, es iſt, als
1506 2892 2188 2931 ob ihn ein jedes Wort durcheiſe. Mit zitternder Hand legt er die
1506 2916 2188 2952 Muſcheln aufs Waſſer, während ſeine Lippen weiter murmeln; und
1506 2940 2188 2976 die kleinen Muſcheln ſchaukeln weiter und weiter in den Mondſchein
1506 2963 2187 3004 hinaus — — dann füllt ſich die eine mit Waſſer und ſinkt auf den
1506 2987 1588 3017 Grund.
166 704 806 741 Gleichwohl dürfen wir uns dadurch den Blick nicht verſchatten
125 729 806 765 laſſen für das wahrhaft Gute und Große, für die Forderungen, die
125 753 806 788 die Zeit ſelbſt ſtellt, und jene neuen Regunger, die im Boden unſeres
125 776 806 811 Volkstums wurzeln. Dahin rechnen wir ein Unternehmen, das für
126 799 806 835 unſere engere Heimat von großer Bedeutung ſein könnte, das ſich
126 823 806 858 anderswo bewährt hat und gerade in Oſtpreußen zweck⸗ und zeitge⸗
125 847 724 879 mäß wäre: die Gründung eines Freiluftmuſeums.
164 1753 806 1788 Kleine Staaten ſind auf dieſem Gebiete mit gutem Beiſpiel
123 1776 804 1810 vorangegangen. Das erſte, berühmteeſt und gelurgenſte Vorbild
123 1799 804 1834 eines Freiluft⸗ (auch Freilicht⸗) Muſeums iſt Skanſen bei Stock⸗
124 1823 804 1858 holm. Kaum eine halbe Meile vor⸗ Schwedens verführeriſcher Haupt⸗
124 1845 804 1880 ſtadt entfernt liegt dieſe Wunderſchöpfung, die ſamt Fauna, Flora
124 1868 804 1904 und Architektur ein einziges großartiges Muſeum für ſkandinaviſche
124 1891 806 1923 Altertümer darſtellt. Es verdankt ſein Entſtehen der Tatkraft und
1547 2068 2192 2104 Erſchreckt ſpringt der Pfarrer hervor; vor ſeinen Augen grei⸗
1509 2090 2193 2126 fen wilde Menſchen nach ſeinem Kinde, das die Hände nach ihm
1509 2114 2192 2149 ausſtreckt. Schon wollen ſie auch ihn ergreifen, — ſie halten ihn
1509 2137 2192 2173 bereits an ſeinen Kleidern feſt, — da reißt er ſich los und wie ein
1509 2160 2192 2197 Beſeſſener ſtürzt er auf die Klippe zu und wagt den wilden Sprung
1509 2184 2192 2220 auf den Abhang, wo die anderen Flüchtlinge Rettung gefunden
1509 2208 1582 2238 haben.
165 495 806 531 Es iſt heute nicht ganz leicht, groß: Projekte zu verwirklichen oder
126 520 809 554 auch nur dem geneigten Wohlwollen ſeiner lieben Mitmenſcher zu
126 543 809 579 empfehlen. Wir ſind — mit Recht — alle ein wenig von Mißtrauen
126 567 809 602 erfüllt gegen die „dringenden Bedürfniſſe“, die man uns von den
126 590 809 626 verſchiedenſten Seiten aufzuſchwatzen ſucht. Der Gründerſchwindel
126 613 809 649 urd die Senſationsgier unruhiger Köpfe ſowie die zu ungeahnter
126 637 806 672 Höhe getriebene Kunſt der Reklame haben in uns einen nur ſchwer
125 659 806 696 überwindlichen Degout erweckt gegen die „neuen Ideen“, die wohl⸗
125 683 609 716 feil und häufig ſind wie Pilze nach dem Regen.
850 2909 1494 2945 „Kriech hier hinein, mein Liebling, hier iſt Platz für Dich., und
810 2929 1494 2968 ſei mir ſo ſtille wie ein Mäuslein, bis Vater zurückkommt und Dich
810 2954 1494 2992 holt. Möge der liebe Gott ſeine Hand über Dich halten, mein
810 2978 1494 3015 Kind.“ Und Herr Paul küßt die blonden Locken und läuft nach dem
810 3002 1494 3039 nächſten Schlupfwinkel, der ſich ganz in der Nähe befindet. Dort
810 3026 1494 3063 verbirgt er ſich. Kurz darauf kommen die Männer mit den brau⸗
810 3049 1494 3087 nen Geſichtern und ſehen ſich nach allen Seiten um. — Sie finden
810 3072 1494 3109 das Prieſtergewand, und einer von ihnen zieht es unter dem Ge⸗
810 3095 1494 3137 lächter der andoren an. Dem Pfarrer klopft das Herz ſo heftig,
1512 410 2192 448 des Wortes und ein unvergeßliches Schauſpiel für jeden Teilneh⸗
1512 436 2192 470 mer. . In der Winterszeit aber, wenn die Sonne hier oft mo⸗
1512 460 2193 494 natelang verborgen bleibt, werden bei manchen Feſten die Räume
1512 482 2192 517 reich beleuchtet. Es brennt das Feuer im Spis (Kamin); die
1509 505 2193 542 Weihnachtsbuben (Stjerngoſſar) gehen aus und ein, die heilige
1512 529 2192 565 Lucia, die Schutzgöttin der Blinden, ſtellt ſich dar mit einem Kranze
1509 551 2192 588 von Lichtern um das Haupt. Dazu ertönt draußen die Muſik, ohne
1509 575 2193 612 welche in Stockholm kein Feſt denkbar iſt, und es kommt vor, daß
1509 598 2192 634 bei hellem Sternenhimmel ein Nordlicht aufflammt und den Schein
1509 621 2107 652 der Lichter auf Skanſen ſamt dem der Sterne verdunkelt.“
1547 2327 2189 2363 Gerade kommt der Mond zwiſchen den Fjelden im Oſten hervor,
1509 2348 2191 2387 den Fjelden, deren gewaltige Häupter gegen den hellen Hintergrund
1509 2373 2192 2410 geſehen, ungeheuren, ſchwarzen Rieſen gleichen. Nun beginnt es
1509 2397 2192 2432 ſtürmiſch zu werden, und eine Wolke nach der anderen zieht an dem
1509 2420 2191 2456 Monde vorüber; ihre Schatten jagen über die ſchwarzen, wüſten
1509 2443 2191 2479 Felder hinweg, wo jeder Stein und jeder Felsblock in dem jetzt von
1506 2467 2191 2503 der Seite einfallenden Mondesſcheine Leben erhält, wo Geſpenſter
1506 2490 2188 2526 ſich aus den dunkeln Klüften und Tälern hervorſchleichen, wo Rie⸗
1509 2513 2189 2549 ſen und Ungebeuer mit langen, gierigen Armen nach den Wohnun⸗
1506 2537 2191 2573 gen der Menſchen langen; und jetzt donnert auch vom Meere her die
1506 2560 2189 2599 Brandung und erfüllt das Tal mit ihrem traurigen, dumpfen Ge⸗
1506 2584 1559 2614 töſe.
818 411 1502 447 Umſicht eines einzelnen Mannes, des ideenreichen Dr. Arthur
818 435 1500 470 Hazelins — eines jener bewunderungswürdigen Menſchen, durch
818 459 1500 493 die das Schöpferwort „Es werde“, immer neue Bedeutung erhält.
818 482 1500 517 Noch vor zwei Jahrzehnten verſtand man unter Skanſen („Schanze“),
818 506 1502 541 falls der Ort überhaupt eirem Eingeborenen bekannt war, ein ver⸗
818 529 1502 564 wahrloſtes Plateau oberhalb Haſſelbacken, auf dem man allerlei Un⸗
818 553 1502 588 rat abzuladen pflegte. Heute iſt Skanſen eine Weltſehenswürdig⸗
818 575 1502 610 keit und der populärſte Platz von Stockholm; ein Muſeum und ein
818 598 1502 634 zoologiſcher Garten zugleich, eine Promenade der eleganten Welt mit
818 622 1500 657 den herrlichſten Ausſichten und ein Tummelplatz des ſchwediſchen
818 646 1500 681 Volkes, auf dem es ſeine nationalen Feſte feiert, — vor allem aber
818 668 1500 705 ein Denkmal ſeiner Arbeit und ein konzentriertes Abbild ſeiner
818 692 902 724 Kultur.
165 870 806 905 Es ſoll darüber hier nur ein erſtes Wort der Anregung
125 892 806 927 und Orientierung geſprochen werden. Dieſer journaliſtiſche
124 915 806 953 ballon d'essai hätte vollauf ſeine Aufgabe erfüllt, wenn er
125 939 806 973 nur das eine bewirkte, daß ſich auch weitere Kreiſe
126 962 573 997 mit dem Gedanken befreundeten, und
564 961 806 997 ihm ſo jene Gönner⸗
128 985 806 1020 ſchaft erwüchſe, die für das Gelingen eines ſo weitgreifen⸗
126 1009 806 1044 den Planes unerläßliche Vorbedingung iſt. Andererſeits dürfen
125 1033 804 1068 wir verſichern, daß die Idee nicht mehr in der Luft ſchwebt; ſie be⸗
125 1056 804 1091 ginnt, aus dem Bereich der frommer Wünſche auf den Boden der Tat⸗
125 1078 806 1115 ſachen zu gleiten. Wenigſtens haben ſeitens der Altertumsgeſellſchaft
125 1102 806 1137 Pruſſia, des Vereins zur Hebung des Fremdenverkehrs,
125 1126 806 1160 unſeres trefflichen Provinzialkonſervators und anderer maßgebender
125 1149 806 1184 Perſönlichkeiten bereits Vorbeſprechungen ſtattgefunden, und unſer
125 1173 806 1208 Optimismus möchte daraus die Garantie ſchöpfen, daß die Sache nicht
124 1196 662 1226 im Stadium privater Vorſchläge ſtecken bleiben wird.
852 1542 1497 1579 Mancherlei hat man noch getan, um die Trockenheit des Lehr⸗
816 1564 1497 1603 inſtituts oder die noch gefürchtetere Starrheit des Panoptikums zu
816 1591 1497 1625 vermeiden. So gehen die Aufſeher, Diener und Kellnerinnen nur
816 1612 1497 1649 in den Trachten der entſprechenden Landſchaften. Schon die Na⸗
816 1636 1500 1673 men der Straßen und Wege bilden eine Ueberſicht der ganzen Lan⸗
816 1659 1500 1696 des⸗ und Kulturgeſchichte Schwedens. Und vielleicht gibt es zur
816 1682 1500 1720 Pflege eines praktiſchen Patriotismus nichts Beſſeres, als die ſom⸗
816 1706 1500 1741 merlichen und winterlichen Veranſtaltungen von Skanſen. „Das
816 1729 1497 1765 Ganze,“ führt unſer Louis Paſſarge in ſeinem Buche über
816 1752 1497 1789 Schweden aus, „iſt eine Stätte. darin der Einzelne ſich unbemerkt
816 1777 1497 1812 verlieren kann, wo man aber auch große Feſte feiert und die Luft
816 1800 1497 1836 oft erklingt von der Muſik der Kapellen; wo Volkstänze aufgeführt
816 1824 1500 1858 werden, Feuerwerke die Nacht erhellen und Studenten ihre Lieder
816 1847 1500 1883 ſingen. Es hat hier Frühlingsfeſte gegeben, zu welchen die ſchwedi⸗
816 1869 1500 1907 ſchen Dichter ihre ſchönſten Geſänge gedichtet und die Plätze gewim⸗
816 1893 1500 1925 melt haben von fröhlichen Beſchauern; Volksfeſte im beſten Sinne
1547 1417 2193 1448 Wir haben durchaus nicht den ehrgeizigen Sammeleifer, hier
1512 1437 2194 1473 alle Freiluftmuſeen der Welt namhaft zu machen, ſondern wollen
1509 1461 2194 1495 nur noch erwähnen, daß die Idee für Deutſchland ihre erſte
1509 1484 2194 1519 Verwirklichung in größerem Maßſtabe auf dem zur Zeit nach als
1509 1507 2194 1541 Weideland benutzten „Werder“ im Südoſten von Bremen finden
1509 1531 2194 1565 dürfte. Die ſtolze Hanſaſtadt plant, dort ein komponiertes Bild des
1509 1554 2194 1587 niederſächſiſchen Volkslebens zu entrollen, wie es ſich in ihrer Nach⸗
1509 1578 2195 1611 barſchaft noch bis heute in ununterbrochener Entwickelung erhalten
1509 1600 2194 1634 hat. Der das Weſerbett einſchließende Damm iſt dazu auserſehen,
1509 1623 2195 1657 eine breite Dorfſtraße aufzunehmen. Es ſollen ſich daran ſechs
1509 1645 2195 1680 Bauernhäuſer mit ihren Nebenbauten, Gärten und Einfriedigungen
1509 1669 2194 1703 erheben, als Repräſentanten der ſechs die Stadt umſchließenden Ge⸗
1509 1692 2194 1724 biete: der Vierlande, des Altenlandes in der Elbmarſch, der Lüne⸗
1509 1715 2193 1748 burger Heide, der Weſermarſch, des Ammerlandes und Oſtfrieslands.
1509 1737 2194 1771 Und zwar werden ſich dieſe Anweſen, durch kräftigen Baumwuchs von
1509 1761 2195 1795 einander getrennt, in derſelben typiſchen Umgebung und Lage dem
1509 1783 2194 1819 Beſchauer darbieten, in der ſie gegenwärtig ihrer repräſentativen
1509 1806 1761 1837 Zukunft entgegenharren.
164 1219 806 1254 Was iſt ein Freiluftnuſeum? Ein Muſeum nur inſofern, als
124 1242 806 1277 es eine Sammlurg von Sehenswürdigkeiten in möglichſt klarer und
124 1266 806 1301 überſichtlicher Form zur Darſtellung bringt. Der Unterſchied liegt
124 1288 806 1323 darin, daß dies nicht, wie wir es gewohnt ſind, in geſchloſſenen,
124 1312 806 1346 palaſtartigen Räumen geſchieht, ſondern in einer parkartigen An⸗
124 1336 806 1370 lage; und zwar — dies iſt das Entſcheidende — in einer Umrah⸗
124 1359 806 1394 mung, die in unmittelbarem Zuſammenhange mit den ausgeſtellten
124 1382 806 1416 Gegenſtänden ſteht. Die Mumifikation des Muſeums ſoll durch le⸗
123 1405 806 1440 bendige Anſchauung erſetzt werden. An die Stelle des Glaskaſtens
124 1429 806 1463 tritt die freie Luft, an die Stelle des Raritätenkabinetts die freie
124 1452 806 1487 Natur. Die Dinge ſollen nicht nach Größe und Art in Schau⸗
123 1474 804 1509 ſchränken geordnet vorgeführt werden („1. Etage links Pfeilſpitzen,
123 1500 804 1532 2. Etage links Lanzenſpitzen“ u. ſ.w..), ſondern in ihrer organiſcher.
123 1522 804 1556 Verbindung und Abhängigkeit von den klimatiſchen, kulturellen.
124 1545 801 1579 hiſtoriſchen und künſtleriſchen Bedingungen unter deren ſie entſtan⸗
125 1568 804 1602 den ſind. Um beiſpielsweiſe das Leben unſerer Altvorderen darzu⸗
126 1591 804 1626 ſtellen, genügt es nach den Prinzipien des Freiluftmuſeums nicht
128 1614 806 1647 bloß, ihre Möbel und Geräle zu zeigen. Vielmehr bedürfen Tiſch
126 1636 806 1670 urd Stuhl auch ihrer Stube, die Stube ihres Hauſes, das Haus
124 1659 806 1693 ſeines Gartens, und der Garten endlich des natürlichen Milieus, in
124 1683 806 1717 dem ſeine Blüten und Planzen heimiſch ſind. So entſteht ein ge⸗
124 1705 804 1742 ſchloſſenes Bild alten Heimatslebens — wenn man
122 1729 448 1760 will, „ein künſtliches Pompeji“.
1547 648 2193 684 Skanſen iſt zweifellos das impoſanteſte Beiſpiel eines Freiluft⸗
1509 669 2194 705 muſeums, doch braucht es darum nicht notwendig das Ideal aller
1512 693 2194 729 folgenden zu ſein. Ja, es fehlt ſchon heute nicht an Stimmen, die
1512 717 2194 752 ſich gegen die hier durchgeführte Verquickung wiſſenſchaftlicher und
1512 740 2193 775 volkstümlicher Intereſſen wenden und die etwas ſtilloſe Nachbar⸗
1512 763 2193 798 ſchaft von Tiergarten, Vergnügungspark und Lehrſammlung be⸗
1512 787 2194 822 dauern. Allein es iſt klar, daß die Eigenart Skanſens mit ſeiner
1512 811 2193 846 Grundidee nichts zu tun hat, und daß ſich dieſe überall nach den
1512 834 2192 869 örtlichen Bedürfniſſen modifizieren läßt. Die Loſung aller Nach⸗
1512 856 2194 891 folger wird ſein: die Vorzüge Skanſens beizubehalten und ſeine
1512 879 2193 914 Fehler tunlichſt zu meiden. Tatſächlich geben ſich denn auch die übri⸗
1512 903 2194 938 gen derartigen Inſtitute in den nordiſchen Ländern exkluſiver und
1512 926 2194 962 ſachlicher; ſo, wenn wir recht unterrichtet ſind, die Anlagen im
1512 950 2193 985 Stadtpark von Jönköping, im Muſeum des ſüdſchwediſchen kul⸗
1512 973 2193 1008 turhiſtoriſchen Vereins zu Lund, in Lyngby bei Kopenhagen,
1512 997 2194 1031 in Lillehammer im mittleren Norwegen und vor allem in der
1512 1020 2193 1053 Umgegend von Chriſtiania. Hier hat König Oskar II. ehrwür⸗
1512 1044 2193 1077 dige norwegiſche Holzbauten aufgeſtellt, darunter ein mittelalter⸗
1512 1066 2193 1101 liches Schlafhaus, eine Rauchſtube mit offener Feuerſtelle aus der
1512 1090 2194 1123 Mitte des ſiebzehnten Jahrhunderts, und eine altersgraue Stabkirche
1509 1113 2193 1147 aus Gol in Hallingdal. — Das energiſche Vorgehen Skandinaviens
1512 1136 2194 1171 hat auf andere Länder befruchtend und anregend gewirkt. In Prag
1512 1160 2194 1193 hat man eine derartige Anlage von der großen Ausſtellung im
1512 1183 2193 1217 Jahre 1895 her erhalten. Und nun will ſich auch Czernowitz,
1512 1206 2194 1241 die Landeshauptſtadt der Bukowina, die durch ihre Univerſität auf
1512 1230 2193 1262 eine anſehnliche Stufe geiſtiger Kultur gehoben iſt, den rentablen
1512 1252 2193 1285 Luxus eines Freiluftmuſeums leiſten. In Bauernhütten und Wirt⸗
1512 1276 2193 1309 ſchaftsbauten ſoll das Volksleben, das Trachtenweſen, die Hausindu⸗
1512 1298 2194 1333 ſtrie und der Hausrat anheimelnd untergebracht und damit zugleich
1512 1322 2193 1356 für die Forſchung ſichergeſtellt werden — ein doppelt löbliches Un⸗
1512 1344 2193 1379 ternehmen in dieſem „Lande der Nationolitäten“, in dem Ruthenen,
1512 1368 2194 1404 Rumänen, Zigeumer. Armenier, Lippowaner, Ungarn und Deutſche
1512 1392 2139 1424 in buntem ethnographiſchen Durcheinander beiſammenwohnen.
856 718 1500 754 An dem Ingangen Skanſens, einer in altnordiſchen Formen ge⸗
818 742 1502 778 haltenen Eirgangspforte, erlegen wir einen kleinen Obolus, um uns
818 767 1502 802 dieſes ſeltſame Reich zu eigen zu machen. Ein Lappenlager iſt das
818 790 1502 825 erſte, was uns in die Augen fällt. Die Menſchen mehr echt als ſchön;
818 814 1500 848 die Hunde munter und intelligent. Auf ragenden Steinblöcken
818 837 1502 871 klettern die Renntiere mit ihren fabelhaften Geweihen. Auf einem
818 860 1502 895 Netz breiter Spaziergänge, die an dämmerigen Teichen vorüberfüh⸗
818 884 1502 919 ren, genießer wir nach und nach den geſamten Inhalt dieſes Wunder⸗
818 907 1500 942 parkes: da iſt ein hölzerner Glockenturm, wie er ſeit mehr als zwei⸗
818 931 1500 965 hundert Jahren in Jämtland ſteht; eine halb unterirdiſche Stein⸗
818 954 1500 990 hütte mit primitivem Allltagsgerät, dann auch die Hütten des Köhlers,
818 978 1500 1010 des Sennen und Holzſchlägers; eine Maiſtange, um die am Jo⸗
818 1000 1500 1035 hannisabend die Bauern ihre Tänze aufführen; große Schleifſteine
818 1024 1500 1058 und Handmühlen aus der Steinzeit; eine Eskimohütte und ein Vor⸗
818 1047 1500 1081 ratshaus aus dm Jahre 1595 aus Mora in Dalarne. Die Eiſen⸗
818 1070 1500 1105 erze, an denen Schweden ſo reich iſt, ſind zu einem inſtruktiven Berge
816 1094 1502 1128 aufgeſchichtet, und ſelbſt das ziemlich modern anmutende Luſthaus
816 1118 1500 1152 des bekannten Geiſterſehers Emanuel Spedenborg iſt durch Dr. Ha⸗
818 1141 1500 1175 zelius Zauberſtab aus einer verlaſſenen Gegend hierher verſetzt wor⸗
818 1165 1502 1200 den. Eire beſondere Freude bereitet aber die Beſichtigung der
818 1188 1502 1223 Bauernhäuſe, die nicht etwa Theaterkuliſſen und Kopien, ſondern
818 1212 1502 1245 lauter Originale ſind. Sorgfältig hat man Stück für Stück dem
816 1234 1502 1269 früheren Standorte entnommen, um hier wieder alles zu neuem und
816 1258 1502 1293 dauerndem Leben zuſammenzufügen. Urväter Hausrat ſteht da, als
816 1282 1502 1315 ob die Inſaſſen nur eben den Rücken gewendet hätten und jeden
816 1305 1502 1339 Augenblick zurückkehren könnten. Auf dem Herd liegen verkohlte
818 1328 1502 1363 Holzreſte. Die kürzlich fertiggewordenen Erzeugniſſe des Webſtuhls
818 1352 1502 1386 ſind über Stanger an der Decke gehängt, die Kleiderkammern ſind
816 1375 1502 1409 mit Werkel⸗ und Feiertagskoſtümen gefüllt. Vor dem Fenſter blühen
818 1399 1502 1434 Hopfenranken, und die ſtimmungsvolle Stille dieſer ländlichen Idylle
818 1422 1500 1457 unterbricht nichts als das ſanfte Ticktack der Achttageuhr. Lange ruht
816 1446 1500 1479 der Blick auf den leinenen Tapeten, die mit höchſt naiven Bilderr.
816 1468 1500 1503 aus der bibliſchen Geſchichte geſchmückt ſind, bis uns die an den Wän⸗
816 1492 1497 1529 den befeſtigten Bänke oder die altväteriſchen Stühle an den abge⸗
816 1515 1209 1549 nutzten Tiſchen zur Ruhe einladen. . .
1547 2252 1742 2283 Jetzt iſt es Nacht.
309 460 622 498 Von Ludwig Goldſtein.
359 1948 569 2000 Herr Paul.
164 304 540 351 Nr. 409. Königsberg.
1725 307 2151 353 Sonntag, 1. September 1907.
284 1996 635 2037 Von Jörgen Falk⸗Rönne.*)
298 2031 622 2069 Aus dem Däniſchen von A. L.
1546 2274 2191 2312 Die drei ſchwarzen Schiffe ſind abgeſegelt, aber in den geplün⸗
1509 2297 1911 2331 derten Hütten ſitzt das Volk und weint.
143 411 793 466 Ein Freiluftmuſeum für Oſtpreußen!
356 214 1965 297 Sonntagsbeilage der Königsberger Hartungſchen Zeitung.
