2400 3344
890 1082 1526 1117 Münſter, 31. Auguſt. Der Krouprinz reiſt heute Abend
853 1106 1231 1140 von hier wieder nach Potsdam zurück.
888 752 1524 788 Der Kaiſer trank auf das Wohl der Grafſchaft. Später trat der
853 776 1524 813 Kaiſer die Rückfahrt nach Münſter an. Er wurde unterwegs überall
853 802 1285 834 von der Einwohnerſchaft herzlichſt begrüßt.
1577 1524 2219 1559 Das „Reichsgeſetzblatt“ veröffentlicht die internationale Ueber⸗
1538 1548 2221 1583 einkunft betr. Maßregeln gegen die Beſt, die Cholera und
1538 1572 1934 1605 das Gelbfieber vom 3. Dezember 1903.
1575 1110 2215 1147 s. In katholiſchen Kreiſen erhält ſich das Gerücht, daß der Pfar⸗
1538 1134 2217 1170 rer v. Drzeſinsky in Magdeburg für den Erzbiſchofsſtuhl in
1538 1156 2217 1193 Poſen⸗Gneſen in Ausſicht genommen ſei. Drzeſineky ſoll erklärt
1538 1180 2123 1215 haben, er würde einer eventuellen Berufung Folge leiſten.
1578 1668 2223 1704 Bad Iſchl, 31. Auguſt. Die Großherzogin Marie
1541 1693 2222 1728 von Mecklenburg⸗Schwerin iſt heute mit ihrer Tochter
1541 1717 2223 1751 Marie Antoinette hier angekommen. Der Kaiſer ſtattete den Damen
1541 1740 2223 1775 einen läugeren Beſuch ab. Im Laufe des Nachmitags wird Herzog
1541 1763 2031 1795 Paul von Mecklenburg⸗Schwerin hier eintreffen.
1580 1785 2224 1820 Karlsbad, 31. Auguſt. Einer Einladung des Lordadmirals
1541 1811 2223 1844 von Großbritannien, Sir John Fiſher, folgend, traf König Eduard
1541 1835 2223 1867 heute Mittag 1 Uhr im Automobil von Marienbad hier ein. Der Kö⸗
1541 1857 2224 1891 nig unternahm in größerer Geſellſchaft einen Wagenausflug nach
1541 1881 2224 1912 Aberg, wo auch die hier weilenden ruſſiſchen Großfürſten und der
1584 2990 2229 3028 Für mich und für jeden in dieſer Sache billig Denkenden muß
1546 3013 2229 3051 dieſe Angelegenheit lediglich ſo betrachtet werden, daß es ſich hier
1546 3038 2230 3073 darum handelt, eine Kulturreformation und zwar zugunſten eines
1546 3061 2229 3096 großen Teils der Menſchheit zu ſichern. Die Situation iſt doch ſo
1546 3084 2230 3121 klar. Wir werfen das Wort „Volksbildung“ auf den Markt wie
898 2965 1534 2999 Die Berliner Handlungsgehilfen ſind übrigen?
861 2987 1534 3024 ebenſo zähe, wie die Erbauer der neuen Berliner Untergrundbahn⸗
861 3011 1537 3046 ſtrecke. Auch ſie arbeiten vorwärts. Sie haben ſich durch die
861 3035 1537 3071 Schlappe, die ihnen die erſte ſcharfe und leidenſchaftliche Bemühung
861 3059 1537 3093 um die Einführung des Acht⸗Uhr⸗Ladenſchluſſes ein⸗
861 3082 1534 3118 brachte, nicht niederreiten laſſen. Sondern ſie ſchicken der erſten,
851 539 1524 579 Vorbilder der Jugend zu ſein und als ihre Vorbilder zu wirken. Den
853 565 1524 602 Pokal, gefüllt mit deutſchem Wein, trinke ich auf das Wohl der Graf⸗
853 589 1524 626 ſchaft Tecklenburg mit dem Wunſche, daß Gottes Segen ſie behüten
853 613 1524 650 möge, daß er mir Kraft verleihen möge, auch fernerhin den Frie⸗
853 635 1524 673 den zu bewahren, damit Sie ungeſtört Ihren Geſchäften nach⸗
853 658 1524 696 gehen können, und mit dem Wunſch, wie König Friedrich Wil⸗
853 683 1524 718 helm IV. ihn ausſprach, daß ihre Reinheit, Treue und hingebende
853 706 1524 741 Liebe auch fernerhin den Tecklenburgern bewahrt bleiben möge bis in
853 733 1004 764 alle Ewigkeit.“
1571 875 2213 913 s. Geheimer Oberregierungsrat Kautz vom Reichsamt des In⸗
1536 900 2215 937 nern iſt, wie wir erfahren, nunmehr endgültig als Nachfolger des
1536 925 2215 960 Herrn Löwe zum Präſidenten des Kanalamtes beſtimmt wor⸗
1536 946 2215 984 den. Er iſt auch aus dem Reichsamte des Innern bereits ausgeſchie⸗
1536 969 2216 1007 den und hat die Leitung der Geſchäfte in Kiel übernommen. Als
1536 993 2216 1031 langjähriger Dezernent für den Kaiſer Wilhelmskanal war er auch
1536 1016 2216 1053 der Urheber des Antrags zur Erweiterung des Kanals, mit deſſen
1536 1041 2216 1076 Ausführung jetzt begonnen wird. Das Dezernat des Herrn Kantz
1536 1063 2216 1100 im Reichsamt des Innern hat der neu dorthin berufene bisherige
1538 1090 1897 1122 Landrat Scharner übernommen.
890 822 1524 860 Münſter, 31. Auguſt. Heute Abend 7 Uhr gab der Kaiſer
853 848 1526 883 in den Räumen des Landesmuſeums eine Tafel für die Provinz
853 871 1526 906 Weſtfalen. An der Haupttafel ſaß der Kaiſer mit der Prinzeſſin
853 895 1526 930 Adolf zu Schaumburg⸗Lippe und dem Kronprinzen. Bei dem Diner
853 919 1526 953 hielt der Kaiſer einen Trinkſpruch, der mit einem Hurra auf die
853 942 1526 977 Provinz Weſtfalen endete. Oberpräſident von der Recke erwiderte
853 966 1526 999 mit einem Kaiſerhoch. Nach der Tafel hielt der Kaiſer längere Zeit
853 990 1526 1025 Cekele und nahm dann Geſangsvorträge der Männergeſangvereine
853 1012 1526 1047 und die Huldigung der Turn⸗ und Sportvereine vor dem königlichen
853 1036 1526 1070 Schloß entgegen. Vor dem Diener empfing der Kaiſer im Schloſſe
853 1060 1348 1093 eine Abordnung des Weſtfäliſchen Bauernvereins.
1536 534 2211 573 Exzellenz dem Lanirat Kammerherrn Grafen Klemens von Korff⸗
1536 561 2211 597 Schmiſing auf Tatenhauſen, Kreis Halle i. W.; die Kammerherrn⸗
1536 583 2212 620 würde dem Landrat Freiherin Wilhelm Ledebur auf Crollage, Kreis
1536 605 2213 643 Lübdecke; den Rittergutsbeſitzern Freiherrn Friedrich von Twickel
1536 631 2211 666 auf Ermelinghoff, Kreis Lüdinghauſen, Freiherrn Friedrich von Bo⸗
1536 653 2212 690 telſchwingh⸗Blettenberg auf Heeren, Kreis Hamm, und Freiherrn
1536 677 2212 712 Klemens von Zwickel auf Stovern, Kreis Lingen: den Charakter
1536 700 2212 736 als Wirklicher Geheimer Rat mit dem Prädikat Exzellenz dem Kam⸗
1533 723 2213 759 merherrn Landrat a. D. Grafen Wilhelm Wedel, Haus Sandfort,
1533 747 2212 782 Kreis Lüdinshauſen, und den Titel von Erſten Bürgermeiſtern den
1536 770 2213 808 Bürgermeiſtern Cuno⸗Hagen, Matthaei⸗Hamm und Heuſer⸗Reck⸗
1536 797 1654 828 linghauſen.
1576 1206 2219 1239 s. Die jetzt beendeten Umfragen bei den Domänenpächtern wegen
1538 1226 2219 1261 der Arbeiteranſiedelung auf den königlichen
1538 1249 2217 1284 Oomänen haben den verſchiedenartigen landwirtſchaftlichen Ver⸗
1538 1270 2219 1308 hältniſſen entſprechend auch verſchiedene Ergebniſſe gehabt. Ein Teil
1538 1296 2219 1331 der Pächter verhält ſich, der „Voſſ. Ztg.“ zufolge, ablehnend zu dieſen
1538 1318 2219 1355 Maßnahmen. Auf ihren Domänen werden daher, da ein Druck nicht
1538 1341 2221 1377 ausgeübt werden ſoll, Arbeiterſtellen nicht abgezweigt werden. Ob
1538 1364 2219 1399 nun der Staat die Mittel für die Bebauung des Arbeiterlandes in
1538 1387 2221 1423 den Etat einſtellen wird oder ob die Landſchaften dazu beitragen, iſt
1538 1411 2221 1445 noch nicht entſchieden. Das den Arbeitern zu gewährende Darlehen
1538 1434 2219 1469 ſoll billig verzinſt und kann den Verhältniſſen entſprechend zu einem
1538 1456 2221 1490 geringen Zinsfuß zurückgezahlt werden. Daß den Domänenpächtern
1538 1479 2221 1514 für die abgetretenen Ländereien Pachterlaß gewährt werden ſoll, iſt
1538 1504 1629 1536 bekannt.
210 1995 846 2032 Es iſt noch gar nicht ſo lange her, daß man begonnen hat, den
171 2019 846 2054 beiden Rondels — rechts und links vom Leipziger Platz — zu Leibe
171 2043 846 2078 zu gehen, um den Menſchlein, die auf dem Rücken von Berlin nicht
171 2067 846 2101 mehr Platz haben, einen neuen Weg durch die Eingeweide der Haupt⸗
171 2090 846 2125 ſtadt zu bahnen. Verzeihen Sie ſchon dieſes bizarre Bild, aber es
172 2113 846 2149 trifft zu. Eines ſchönen Tages waren alſo beide Platzhälften von
172 2136 846 2172 grün geſtrichenen Holzzäunen eingehegt. Man ärgerte ſich ordentlich
172 2160 846 2196 über die ſchäbige Notdurft dieſer Ummauerung, wenn man vorüber⸗
172 2183 846 2219 fuhr. Wenn man an das alte Bild des Platzes dachte, deſſen Süd⸗
172 2207 846 2243 und Nordſeite von den grauen, greifen Palais geſtützt werden.
172 2231 846 2264 Und wenn man jetzt die Erdoperateure und ihre Aſſiſtenten bei der
172 2253 846 2288 Arbeit ſah, wie ſie in dem Schoß des wehrloſen Bodens herumwühl⸗
172 2276 846 2312 ten. Zwiſchen das ſchnurrende Klingelſignal der Trambahnen, zwi⸗
172 2299 846 2336 ſchen das bachantiſche Jauchzen der Autos ſchienen wahrhaftig kla⸗
172 2325 647 2360 gende Laute aus dem Erdinnern zu dringen . ..
202 707 841 747 Tecklenburg, 31. Auguſt. Zu Ehren der Ankunft des
162 734 841 777 Kaiſers hat die Stadt reichen Flaggenſchmuck angelegt. Der Kai⸗
164 763 841 806 ſer, begleitet von dem Kronprinzen, den Prinzen Eitel⸗Friedrich und
164 790 841 835 Oskar, traf um 11 Uhr Vormittags ein. Vor dem Kreishauſe wurde
165 819 841 864 er von dem Landrat Belli empfangen. Auf dem zweiten Burghof be⸗
165 847 841 891 gann die Huldigungsfeier, nachdem der Kaiſer unter dem Ehrenzelt
165 877 841 920 Platz genommen hatte. Es waren ferner anweſend der komman⸗
165 904 841 947 dierende General, der Oberpräſident und die Spitzen der Behörden.
165 933 841 977 Die Feier wurde eröffnet mit dem Geſang eines Chorals und einem
165 961 841 1005 Dankgebet. Sodann hielt Landrat Belli eine Anſprache an den Kai⸗
165 990 841 1035 ſer, in der er den Dank der Grafſchaft für das Erſcheinen ausdrückte
166 1018 841 1061 und dem Kaiſer den Willkommengruß entbot. Als die Grafſchaft vor
166 1047 844 1089 200 Jahren an Preußen gekommen ſei, ſei ſie bald inne geworden,
166 1076 844 1117 welche Wohltat es für die Bewohner ſei, Glieder eines kraftvollen, von
166 1104 844 1146 ſtarker Hand und zielbewußtem Willen gelenkten Staatsweſens zu
166 1131 844 1175 ſein. Feſt wie die Felſen der Heimat werde die Treue der Grafſchaft
166 1160 841 1203 ſtehen. Der Landrat ſchloß mit der Bitte um Annahme eines Ehren⸗
167 1188 844 1230 trunks und mit einem Hoch auf den Kaiſer. Der Kaiſer ergriff den
166 1220 529 1258 Pokal und hielt folgende Anſprache:
208 1246 844 1285 „Sie haben ſoeben im Namen der Grafſchaft Tecklenburg die Ge⸗
167 1270 844 1308 fühle der Treue und Dankbarkeit für das Haus, unter dem Sie ſeit
167 1294 844 1333 200 Jahren ſtehen, ausgeſprochen. Ich meinerſeits ſpreche Ihnen
166 1318 844 1356 am heutigen Tage meinen Glückwunſch aus. In dieſer Feier und mit
167 1341 844 1380 Ihnen zuſammen danke ich Gott, daß er es alſo gefügt hat, daß wir
167 1366 841 1403 die Feier in Frieden mit frohem Herzen miteinander begehen können.
167 1389 844 1425 In Gedanken weilt heute auch meine Gemahlin, die Kaiſerin, hier,
167 1413 844 1449 die ſchmerzlich bewegt iſt, am heutigen Tage nicht auch hier oben
167 1435 844 1472 unter Ihnen weilen zu können. Als der hochſelige König Friedrich
167 1460 844 1495 Wilhelm IV. hier oben war und ſeine ſchönen, begeiſternden Worte an
167 1483 844 1519 die Tecklenburg richtete, war das Vaterland noch in ſeiner Ent⸗
167 1506 844 1543 wickelung begriffen. Der große Wunſch, den Sie vorher in ſo poeſie⸗
167 1530 844 1566 voller Weiſe geſchildert haben, bewegte noch die Herzen aller Deut⸗
167 1554 844 1589 ſchen. Am heutigen Tage ſtehen wir vor einer vollendeten Tatſache.
167 1576 844 1613 Das kaiſerliche Banner iſt in deutſchen Landen wieder aufgerichtet
167 1600 844 1637 und der germaniſche Aar ſchwebt über dem Reiche, ſeine Flügel aus⸗
167 1623 846 1659 breitend. Zu ihm rufen die Germanen: „Sub umbra alarum
168 1646 844 1682 tuarum protege nos!“ Die hier verſammelten Vereine, Krieger⸗
168 1670 844 1704 vereine und Veteranen, das ſind die Männer geweſen, die in der
168 1693 844 1728 heißen Zeit des Jahres 1870 die Kaiſerkrone aus dem Feuer der
170 1716 846 1751 Schlachtfelder gewonnen haben, und die mit dem großen Kaiſer zu⸗
170 1740 846 1774 ſammen das Deutſche Reich wieder zuſammengeſchmiedet haben. An
171 1763 846 1799 Ihnen iſt es, die Eindrücke der großen Zeit zu bewahren, die Sie mit
171 1787 846 1822 meinem Großvater erlebt haben, und ſie auf die jüngere Generation
171 1811 844 1844 zu übertragen, in Dörfern und Städten, wo Sie ſich auch befinden,
170 1833 844 1869 die Königstreue und das Andenken an die Vergangenheit zu ſtärken,
891 1178 1526 1213 Der „Reichsanzeiger“ meldet: Der König verlieh anläßlich
856 1201 1526 1236 der Anweſenheit in der Provinz Weſtſalen bei den diesjährigen
853 1226 1526 1259 Herbſtmanövern des 7. und 10. Armeskorps dem Oberpräſidenten
853 1250 1526 1283 Freiherrn von der Recke ſeine Büſte in Bronze; den Stern zum
853 1273 1526 1307 Roten Adlerorden zweiter Klaſſe mit Eichenlaub und Schwertern
853 1296 1526 1329 am Ring den Prinzen Philipp von Croy, Generalleutnant z. D.
853 1318 1526 1352 in Düſſeldorf; den Stern zum Roten Adlerorden zweiter Klaſſe dem
853 1342 1526 1376 Biſchof von Münſter Dr. Dingelſtad, den Roten Adlerorden zweiter
853 1366 1526 1399 Klaſſe mit Stern an Ludwig Fürſt zu Sayn⸗Wittgenſtein⸗Hohen⸗
853 1389 1526 1423 ſtein, Standesherrn auf Schloß Wittgenſtein; die königliche Krone
856 1412 1526 1446 zum Roten Adlerorden zweiter Klaſſe mit Eichenlaub dem Dom⸗
856 1436 1526 1470 propſt Dr. Parmet⸗Münſter; den Roten Adlerorden zweiter Klaſſe
856 1459 1526 1493 mit Eichenlaub dem geheimen Bergrat Harz⸗Dortmund, Oberbür⸗
856 1483 1529 1515 germeiſter Schmieding⸗Dortmund; den Roten Adlerorden dritter
856 1506 1529 1539 Klaſſe mit Schleife und Schwertern am Ringe dem Freiherrn zu
856 1530 1529 1562 Inn⸗ und Kuyphauſen, Kammerher und Kreisdeputierter zu Haus
856 1552 1529 1585 Dolch, Landkreis Dortmund; Amtsanwalt Müller⸗Münſter; den
856 1575 1526 1609 Roten Adlerorden dritter Klaſſe mit Schleife an Karl Prinz zu
856 1598 1526 1632 Bentheim⸗Tecklenburg⸗Rheda auf Schloß Hohenlimburg, Graf Bo⸗
856 1622 1526 1655 nifacius von Hatzfeldt⸗Trachenberg, Kammerherr auf Schloß Boni⸗
856 1644 1526 1678 burg; Hövel, Geheimer Baurat in Kuſſel; Kieſekamp, Kommer⸗
856 1668 1529 1702 zienrat, Münſter; Overweg, Gutsbeſitzer in Reichsmark, Kr. Hörde;
856 1691 1529 1723 Rueping, Domkapitular in Münſter; Stuendeck, Oberbaurat bei
856 1713 1529 1747 der Eiſenbahndirektion Elberfeld; den Roten Adlerorden dritter
856 1736 1529 1771 Klaſſe an Graf von Fürſtenberg⸗Herdringen, Kammerherr und Erb⸗
856 1760 1529 1794 truchſeß: Prinz Alfred zu Salm⸗Salm, Haus Rhede; den Stern zum
856 1784 1529 1817 Kronenoriſen zweiter Klaſſe Profeſſor Hittorf⸗Münſter; den Kro⸗
856 1807 1529 1842 nenorden zweiter Klaſſe Landrat Bockum⸗Dolſs⸗Soeſt; Geheimrat
856 1830 1529 1865 Dittmar⸗Münſter; Erbtruchſeß Graf Droſte⸗Biſchering; Super⸗
856 1853 1529 1888 intendent König⸗Witten; Landesökonomierat von Laer⸗Münſter;
856 1877 1532 1909 die Würde als Schloßhauptmann von Münſter mit dem Präditat
213 2351 846 2387 Glücklicherweiſe aber kennen Ingenieure keine Sentiments.
172 2375 846 2410 Und wenn man jetzt dahinter kommt, wie die Siemens und Halske⸗
172 2399 846 2435 Leute in kurzer Zeit ihr Rieſenwerk, die neue Untergrund⸗
171 2420 846 2456 bahnſtrecke durch Berlin ein tüchtiges Ende weiter gebracht
172 2445 846 2480 haben, wie der Berliner Verkehr nun wieder neue, kühn aber prak⸗
172 2468 846 2504 tiſch gewählte Seitenwege gefunden hat, wird man den lauten Bei⸗
172 2491 846 2527 fallsruf nicht unterdrücken können. Wir Menſchen aus dem Weſten
172 2514 846 2550 haben die räumliche Knappheit der bisherigen Hoch⸗ und Unter⸗
172 2538 846 2574 grundbahnſtrecke, die ſich vom Potsdamer Platz ab an die Peripherie
176 2562 818 2599 hielt, ohne ihre Paſſagiere direkt in das Herz Berlins zu führen
177 2586 849 2622 immer beſonders unangenehm empfunden. Gewiß: man kann vom
176 2610 849 2646 Wilhelmsplatz in Charlottenburg bis in die rauhen Strecken der
176 2633 849 2670 Warſchauer Straße gelangen, was dem weſtlichen Berliner ebenſo
176 2656 849 2694 ſchwierig ſcheint, wie Dernburgs afritaniſche Expedition. In zwei
177 2680 849 2717 Jahren aber wird auch Berlin C erſchloſſen ſein. Der Durchbruch.
176 2704 849 2741 der am Beginn der neuen Strecke ſchon jetzt faſt vollendet, deſſen Aus⸗
176 2726 849 2764 führung im weiteren Verlauf des Traktes ebenfalls ungeheuer weit
176 2752 849 2787 gediehen iſt, führt vom neuen Bahnhof Leipziger Platz unter der
176 2774 849 2811 Meſſelkirche Sankt Wertheim und dem Reichsmarineamt hindurch
176 2798 849 2836 nach der Voßſtraße, Station Wilhelmsplatz. Leute, welche die Vor⸗
177 2822 852 2859 ſtellungen im „Königlichen Schauſpielhauſe“ beſuchen wollen — es
176 2845 849 2883 muß auch ſolche Käuze geben — raſſeln weiter und kommen aus der
176 2869 849 2905 Erdunterfläche an der Station Friedrichſtraße über die Treppe des
176 2892 849 2929 am Gendarmenmarkt belegenen Bahnhofs wieder ans Tageslicht.
176 2916 849 2953 Die Fortſetzung des Weges nach Bahnhof Hausvoigteiplatz ermöglicht
176 2940 852 2976 den unmittelbaren Verkehr mit dem Gebiet der Konfektion, der Gelb⸗
177 2963 852 2999 und Grünſterne. Und der vorläufige Abſchlußpunkt, Station Spittel⸗
177 2987 852 3023 markt, liegt gerade dort, wo die Hitze des Berliner Geſchäftsverkehrs
177 3011 852 3047 den Siedepunkt erreicht. Natürlich wird dieſe Tour dann auch im
177 3035 852 3071 Tempo beſſer zu ertragen ſein, als wenn man ſie jetzt mit der durch
177 3059 852 3096 Verkehrsſtörungen täglich mehrfach gelähnten Elektriſchen abklappern
177 3084 280 3118 muß..
897 1929 1532 1962 Der neue Bahnhof am Leipziger Platz iſt, wie geſagt, ſchon ziem⸗
858 1947 1532 1985 lich fertig, und man denkt bereits mit aller Entſchiedenheit daran, ihn
858 1973 1534 2010 in etwa vier Wochen dem Verkehr zu übergeben. Oben ſtopfen ſie
858 1997 1534 2033 noch — vor den weit aufgeriſſenen Augen zahlreicher Zuſchauer —
858 2021 1534 2056 den wunden Erdboden mit den plumpen Eiſenrüſſeln der Träger und
858 2043 1534 2078 den ſchwarzen Körpern der Schienen aus, damit ſpäter die Straßen⸗
858 2067 1534 2102 bahnen ſicher und ohne die Erde einzudrücken, „darüber weg“ fahren
858 2090 1534 2126 können. Unten aber iſt man ſchon beim letzten Großreinmachen. Die
858 2114 1534 2150 Steintreppe, die hinter dem Wrangeldenkmal in den „Ventre de
858 2137 1534 2173 Berlin“ führt, iſt bequem paſſierbar. Und die flach gedeckte Halle,
858 2161 1534 2196 durch die man tief unter der Erde im gelben Schein der Glühlichter
858 2184 1534 2220 hindurchſpazieren kann, um in unmittelbarer Nähe des Potsdamer
858 2208 1534 2244 Bahnhofs über eine zweite Treppe ans Tageslicht zu kommen, iſt
858 2231 1534 2267 ſauber und ſchmuck wie ein Tanzſaal. Ein beängſtigender Gedanke,
858 2256 1534 2291 daß ſich, während ich hier ſpazieren gehe, die Ungeheuerlichkeit des
858 2279 1537 2314 Verkehrs auf dem Potsdamer Platz unmittelbar über meinem Kopfe
858 2303 1534 2338 zuträgt. Aber dieſe Decke läßt nur ein ganz ſchwaches Echo der ver⸗
858 2327 1534 2360 wirrenden und betäubenden Geräuſche zu mir. Und der kleine,
858 2349 1534 2383 blonde Bauführer, deſſen „Schwabedoitſch“ ſo anheimelnd klingt, ver⸗
858 2373 1537 2408 ſichert, daß genau ebenſo ſpäter auch das Verkehrsleben der Tiefe ſeine
858 2397 1537 2431 Geräuſche für ſich behalten wird, und daß die Herrſchaften im neuen
858 2420 1537 2454 Aſchingerhotel „Fürſtenhof“, deſſen Säulenſtützen von hier unten
858 2443 1537 2478 nach oben wachſen, weder beim Diner noch beim Souper eine Stimme
858 2467 1537 2502 aus der Tiefe hören oder eine Erſchütterung ſpüren werden. Sehr
858 2491 1537 2525 graziös iſt das von Profeſſor Grenander vorgezeichnete Bild des
858 2514 1537 2548 Raumes, über deſſen grauweiße Decke, blutrote Träger und ab⸗
858 2537 1534 2573 wechſelnd in grauer und weißer Kachelung gehaltene Wandbeklei⸗
858 2561 1537 2595 dungen ſcharfe Lichter huſchen. Die Räume, die an den Wänden
858 2584 1537 2619 für die Unterbringung von Reklamen vorbehalten ſind, zeigen jetzt
858 2608 1537 2643 noch die rohe, unpolierte Holzfüllung. Mein Führer belehrt mich
858 2632 1537 2665 auch, daß mit dem alten Syſtem der ſeitlich gelegenen Bahn⸗
861 2656 1537 2689 ſteige, wie ſie die bisherigen Untergrundbahnhöfe zeigen, hier zum
858 2680 1537 2712 erſtenmal gebrochen werden wird, und daß man die Bahnſteige nun
858 2702 1537 2736 in die Mitte des Raumes verlegt. Auch die Billettſchalter, die am
861 2726 1537 2760 Potsdamer Platz oberhalb der Erde Platz finden mußten, konnten
861 2749 1534 2784 hier, vo genügend Raum zu Gebote ſtand, der Anlage direkt ange⸗
861 2773 1537 2806 gliedert werden und leiten den neuen Bahnhofsſchacht unten ein.
861 2796 1537 2831 Eine Betonmauer bildet ſeinen vorläufigen Abſchluß, bis eben in
861 2820 1537 2854 zwei Jahren die Geſamtſtrecke vollendet ſein wird. Jetzt ſteht man
861 2844 1537 2878 ſoweit, daß demnächſt mit der Untertunnelung des Reichsmarineamts
861 2867 1537 2901 begonnen werden kann, um ſo langſam alle Wege der neuen Strecke
861 2891 1537 2925 miteinander in Verbindung zu bringen. Der bisherige Untergrund⸗
861 2914 1534 2950 bahnhof am Potsdamer Platz wird übrigens ſeinerzeit als „Abſtell⸗
861 2938 1276 2969 bahnhof“ zur Dispoſition geſtellt werden.
1544 1929 2223 1963 mißglückten Propaganda, deren Erfolg bei der allgemeinen Abſtim⸗
1544 1952 2222 1987 mung nur durch ein Minus von 170 Stimmen in die Binſen ging,
1544 1974 2223 2011 die zweite, geſteigerte nach, und es gilt in orientierten Kreiſen für
1544 1998 2223 2033 ziemlich ſicher, daß das, was Humonitätsgefühl und milde Einſicht
1544 2022 2224 2058 in kleineren Städten durchſetzten, dieſes Mal auch in Berlin zu Nutz
1544 2046 2224 2081 und Frommen für Tauſende durchgeſetzt werden wird. Da es ſich
1544 2070 2224 2104 um eine ganz gewaltige Verſchiebung im Bilde des Berliner Ge⸗
1544 2091 2224 2128 ſchäftslebens handelt, ſo hat man dieſes Mal die Diskuſſion hin
1544 2117 2224 2149 und wieder zu einer öffentlichen werden laſſen. Diejenigen Beherr⸗
1544 2138 2224 2174 ſcher des Berliner Geſchäftsverkehrs, deren Perſonalbeſtände die Ein⸗
1544 2162 2224 2198 wohnerzahl einer kleinen Stadt umſchließen, haben ſich geäußert,
1544 2186 2224 2221 und ihre gewichtigen Stimmen coram publico in die Wagſchale ge⸗
1544 2209 2224 2244 worfen. Die Vorſtände der Warenhäuſer, die die Maſſen der Ge⸗
1544 2232 2225 2268 ſchäftsangeſtellten am dringendſten brauchen, alſo auch die geiſtige
1544 2256 2224 2291 Erziehung ihrer Leute am eifrigſten protegieren ſollten, die Wert⸗
1544 2279 2225 2316 heim, Tietz und Jandorf, die Präſidenten der größten, gewerblichen
1544 2303 2224 2338 Organiſationen in Berlin, ſie alle ſind gründlich zu Worte gekom⸗
1546 2327 2227 2362 men. Auch die Chefs einiger Spezialgeſchäfte, deren Ruf ſich nicht
1546 2349 2225 2384 allein auf die Hauptſtadt beſchränkt (ich nenne nur Herrn Hermann
1546 2372 2225 2407 Gerſon), hat man gehört. Und man iſt im beſonderen an den An⸗
1546 2395 2227 2432 ſichten der Inhaber der Berliner Detailgeſchäfte, die hier vor allem
1546 2419 2227 2455 vorgeſchoben werden, wenn man gegen den Achtuhrladenſchluß
1546 2442 2228 2477 kämpft, nicht vorbeigegangen. Dabei aber hat ſich wieder erwieſen,
1546 2466 2228 2501 daß man Altruismus, Mitleid und Liebe nur immer auf ſeiten der
1546 2489 2227 2525 kleinen Leute finden kann, die ſelbſt aus jenen ſozialen Schichten
1546 2513 2227 2548 hervorgegangen ſind, für die ſie ſich nun intereſſieren ſollen. Ge⸗
1546 2537 2228 2571 rade die Berliner Detaillliſten, die der Moloch Warenhaus mit ſchwe⸗
1546 2560 2227 2595 ren Füßen unter ſich tritt, ſind es nämlich, die am beſten einſehen,
1546 2584 2228 2619 wie dieſer Achtuhrladenſchluß beſonders in Berlin zu einer Kultur⸗
1546 2606 2228 2640 notwendigkeit geworden iſt. Ein ſtolzes Schauſpiel, zu leſen und
1546 2630 2229 2664 zu hören, wie dieſe Menſchen, denen das Meſſer des Exiſtenzkampfes
1546 2653 2228 2689 an der Kehle ſitzt, auch in dieſer prekären Situation das Intereſſe
1546 2676 2228 2711 für andere, noch beſcheidenere Exiſtenzen behalten haben und für
1546 2700 2229 2735 dieſe plaidieren, wo ſie einzig für ſich ſelber plaidieren ſollten. Auch
1546 2724 2228 2758 Herr Oskar Tietz, ſowie der Lenker der Geſchicke des feudalſten Ver⸗
1546 2747 2228 2783 liner Seidenſtoffmagazins ſind ſich der Tatſache wohl bewußt, daß
1546 2770 2229 2805 ihre Fürſorgepflicht für ihre Angeſtellten nicht damit aufhört, wenn
1546 2794 2228 2830 der Kaſſierer am Monatserſten Geld und Order zur Auszahlung
1546 2818 2228 2853 der Gehälter bekommt. Die anderen Patrizier aber, die Herren an
1546 2840 2228 2875 der Spitze der Organiſationen zum Schutze des Berliner Handels
1546 2864 2228 2899 mit eingeſchloſſen, ſind von ſtarrer Härte, am ſchneidigſten Herr
1546 2887 2228 2922 A. Jandorf, deſſen Warenhaus die Ecke ausfüllt, welche die Belle
1546 2911 2228 2945 Allianceſtraße gegen das Halleſche Tor vorſchiebt, und der erklärt
1546 2935 2229 2970 hat, er müſſe die Einführung des geſetzlichen Achtuhrladenſchluſſes
1546 2958 2228 2993 mit der Entlaſſung von 1500 ſeiner Angeſtellten beantworten.
210 1876 433 1907 *) Nachdruck verboten.
1082 1145 1297 1181 Auszeichnungen.
376 1945 641 1997 Berliner Brief.
981 203 1226 263 2. Blatt.
280 662 724 714 Der Kaiſer in Weſtfalen.
1538 833 2214 885 Politiſche Nachrichten aus dem Reiche.
1541 1625 2220 1674 Politiſche Nachrichten aus dem Auslande.
208 205 931 268 Nr. 409. Morgenausgabe.
1390 195 2158 263 Sonntag, 1. September 1907.
200 544 802 603 Telegraphiſcher Spezialdienſt
160 584 838 639 der Königsberger Hartungſchen Zeitung. *)
578 626 823 663 Berlin, 31. Auguſt.
382 288 473 333 19
461 308 487 332 2
165 277 2205 487 Königsberger Hartungſche Zeitung.
