2400 3344
2074 3074 2241 3102 Heinrich Wolff.
1584 3104 2263 3139 Für die Redaktion verantwortlich: Dr. Ludwig Goldſein
1839 3125 2001 3160 in Königsberg.
245 3085 787 3124 *) Guſtav Schiefler „Das graphiſche Werk
779 3090 881 3127 von Max
204 3108 783 3150 Liebermann“ Verlag von Bruno Caſſirer, Berlin.
1616 512 2291 554 des däniſchen Volkes an die Kunſt der Menſchheit, iſt und bleibt Ber⸗
1618 536 2291 573 tel Thorwaldſen, der Freund Winckelmanns, der große Friede⸗
1616 556 2294 597 bringer, die nordiſche Künſtlerſeele, der die Syntheſe von Kopenhagen
1616 578 2043 615 und Rom von Natur und Antike geglückt iſt.
244 2965 886 3000 Ob es an anderer Stelle glücklich iſt, wenn Schiefler verſucht, die
202 2986 886 3024 Bedeutung Liebermanns oder doch der Raumwirkung ſeiner Blätter
202 3012 886 3046 an dem Maßſtab von Hildebrands „Problem der Form“
201 3035 886 3073 zu meſſen, kann zweifelhaft erſcheinen. In dieſen beiden Künſtlern
1623 2944 2264 2979 Uebrigens: für die erſten Hefte iſt es ja verſtändlich, wenn Pro⸗
1601 2964 2263 3000 ben von Zeichnungen aus den verſchiedenſten Lebensjahren Michel⸗
1602 2988 2263 3022 agniolos gebracht werden. Aber wird es möglich ſein, bei dieſem
1601 3008 2263 3043 hiſtoriſchen Durcheinander das Werk durch das Inhaltsverzeichnis
1601 3029 2263 3066 leicht benutzbar zu geſtalten, da doch leider nicht jedes Blatt von
1601 3050 2015 3084 einem eigenen Textblatt begleitet wird?
1644 2800 2264 2835 Aber ſchließlich iſt es ja erfreulich, wenn die Verleger heute
1604 2815 2264 2854 Mut zu ſo wertvollen Ausgaben haben. Wenn man ſich erinnert.
1604 2842 2264 2877 daß noch vor wenigen Jahren Dahn über die wohlhabende deutſche
1604 2861 2265 2897 Familie ſpottete, die doch nur Reclam lieſt, meint man, daß es
1602 2882 2264 2919 eine Luſt ſein muß, heute Buchhändler zu ſein. Dieſe neue Freude
1602 2903 2265 2941 an wertvollen Buchausgaben wird, glaube ich, auch dieſem Werk
1602 2926 1772 2956 zugute kommen.
263 1454 904 1491 An Liehermanns Radierungen fiel früher zunächſt auf, daß er
222 1473 902 1514 keine eigentliche „Technik“ hatte. Man fand ſeine erſten Blätter
222 1500 902 1538 roh. In Paris behaupteten übrigens Leute „vom Fach“, daß die
222 1524 902 1561 radierenden Maler überhaupt nur „das Kupfer ärgerten“. Heute
222 1546 900 1585 iſt man im Gegenteil geneigt, Temperament über alles zu ſchätzen.
221 1570 902 1608 Und während man die feinſten Nerven dafür hat, was wirkliches
221 1593 902 1633 Malenkönnen in der Malerei bedeutet, gilt in der Radierung zur
221 1617 706 1650 Zeit ein wenig ausſchließlich die Improviſation
953 1082 1598 1119 Hier aber können wir uns wohl damit begnügen, daß z. B. auch
917 1102 1598 1141 Jan van Eyck wahrſcheinlich nicht Platz in Hildebrands „wahrer
917 1126 1598 1164 Kunſt“ hat, und uns alſo mit Liebermanns Werken beſchäftigen, ohne
917 1149 1598 1188 viel ſeitwärts zu blicken. Und dabei iſt Guſtav Schiefler übrigens
917 1172 1596 1211 ein guter Führer: er gibt ſich als „Dilettant“, aber voll warmer
917 1194 1596 1232 Kunſtfreude, und erzielt damit vielleicht eher Freunde von Lieber⸗
914 1218 1596 1257 manns Kunſt, als wiſſenſchaftliche Erörterungen oder alle Polemik
914 1242 1066 1274 es vermöchten.
1647 2591 2265 2626 Die geſchmackvolle Ausſtattung des Werkes hat nichts von dem
1606 2608 2265 2649 Spieleriſchen einiger kleinerer Publikationen desſelben Verlages,
1606 2632 2265 2667 ſtörend wirkt nur die Farbe der etwas primitiven Seidenpapiere
1606 2652 2265 2689 zwiſchen den wertvollen Reproduktionen. Dieſe aber ſind, ſoweit
1606 2674 2266 2710 ſich ohne die Originale urteilen läßt, offenbar ſehr gut. Sind
1605 2695 2266 2729 ſie, was die oft flüchtigen Architekturſkizzen anbetrifft, nicht viel⸗
1605 2716 2265 2751 leicht zu gut? Waren ſolche Blätter, bei denen es auf Feinheiten
1605 2736 2265 2773 der Tonwirkung ja gar nicht ankommt, nicht weniger koſtſpielig
1605 2758 2264 2790 und ebenſo brauchbar durch Zinkdruck zu reproduzieren, im An⸗
1605 2777 2264 2811 ſchluß an die beabſichtigte kritiſche Studie am Schluß des Werkes?
934 2928 1572 2962 Kurz, allzu kurz iſt leider das Kapitel der däniſchen Bild⸗
898 2946 1574 2983 hauerkunſt geworden. Alle die ſchimmernde Marmorpracht, die
898 2968 1574 3004 den Beſucher der Nye Karlsberg Glyptothek in Kopen⸗
898 2989 1574 3025 hagen in ihren Bann zieht, erſcheint dem Verfaſſer nicht bedeutend
896 3010 1574 3048 genug. Wohl charakteriſiert er kurz Freund, Willumſen, Jerichau
896 3031 1574 3067 und die beiden Biſſen, aber die franzöſierenden Bildhauer, deren
896 3053 1572 3089 Werke dort neben denen von Dubois, Delaplanche und Falguiere
896 3074 1572 3111 ſtehen, ſtreift er nur kurz und über Stephan Sinding fällt er
896 3095 1572 3130 ein hartes Urteil, das man nur als ungerechtfertigt und ungerecht
896 3116 1572 3155 empfinden kann. Das Phänomen däniſcher Kunſt und das Geſchenk
959 854 1601 889 Ganz ſo einfach kann man natürlich nicht Anſchauungen abtun,
922 873 1601 911 die ſich als Niederſchlag aus der Kunſt eines Hildebrand ergaben.
922 897 1601 935 Aber es iſt intereſſant, wie Hildebrands Theorie wie eine Art künſt⸗
922 920 1601 959 leriſcher Gewiſſensfrage heute ſelbſt in allerlei kleine Aufſätze hinein⸗
922 943 1601 981 ſpielt, wo ſcheinbar gar keine Notwendigkeit dazu vorlag. Nur wird
920 967 1601 1003 dieſe gewiſſe Unruhe durch ein flüchtiges Streifen oder ein bequemes
920 988 1598 1028 Ablehnen von Hildebrands Buch auf die Dauer ja nicht beſeitigt.
920 1012 1598 1050 Hildebrands Gegenſatz zu Liebermann iſt kaum geringer als der
920 1034 1598 1074 Böcklins, und wird über kurz oder lang eine gründlichere Auseinan⸗
920 1058 1163 1087 verſetzung nötig machen.
245 2687 889 2722 Liebermann aber intereſſiert ſich noch durchaus für die Friſche
204 2707 891 2745 des zuckenden Lebens hinter den bloßen Erſcheinungsformen. Dieſes
206 2734 889 2767 Intereſſe am Inhalt wirkt heute deshalb ſo überraſchend, weil Lieber⸗
204 2758 889 2790 mann ſo oft erklärte, es käme nur darauf an, wie etwas gemacht
203 2780 889 2813 wäre; und dieſer Gegenſatz zwiſchen Theorie und Praxis fällt heute
203 2803 889 2837 wielen auf. Auch Schiefler fühlt ihn wohl und entſchuldigt ſich faſt.
203 2826 889 2861 daß er ſeeliſchen Inhalt in Liebermanns Graphik entdeckt; freilich iſt
203 2850 889 2884 es „eine maleriſche, eine zeichneriſche Wirkung, aber in ihrer Kon⸗
203 2873 886 2909 tzentration löſt ſie in der Seele des Beſchauers die Empfindungen aus,
203 2896 886 2931 welche den Künſtler beherrſcht haben“. Und er „wagt“ es, mit
203 2920 886 2955 Meier⸗Graefe in dieſem Sinne Liebermann einen Sym⸗
201 2942 440 2974 boliſten zu nennen.
279 632 916 670 In dieſen letzten Wochen iſt man gelegentlich der Medaillenver⸗
237 652 916 694 leihung der Großen Berliner Ausſtellung wieder einmal gegen alle
237 681 916 718 Kunſtpreiſe überhaupt zu Felde gezogen. Da wirkte es ein wenig
237 704 916 741 inkonſequent, wenn gleichzeitig von einigen Seiten Max Lieber⸗
237 729 916 764 mann zum 60. Geburtstag der erſte Preis als Maler oder über⸗
236 749 913 787 haupt als deutſcher Künſtler erteilt wurde. Solche Würden laſſen
234 775 913 811 ſich immer ſchwer von oben zuerkennen. Sie wachſen am ſicherſten
234 799 913 834 von ſelbſt auf breiter Grundlage in der Stille herauf und heute wirkt
234 821 913 858 nützlicher vielleicht als alle Polemik für die Schätzung Liebermanns
234 844 913 881 die ſchöne Kunſtwartmappe, die ihm Avenarius nebſt
234 868 910 907 einem ruhigen Aufſatz widmete, oder ein tendenzloſes Nachſchlage⸗
232 892 784 925 werk, wie es jetzt Guſtav Schiefleer*) beſorgt hat.
951 1313 1596 1352 Die Frage nach den intimeren Zuſammenhängen zwiſchen Kunſt
914 1333 1596 1373 und Volkseshos iſt noch reichlich ungeklärt. Der Dichter iſt ſchon
914 1356 1596 1393 durch ſein Material, die nationale Sprache inniger an ſeine Nation
914 1377 1596 1412 gebunden als der Maler, der Bildhauer, der Muſiker. Aber auch
914 1398 1596 1434 die bildenden Künſte ſind nationaler Eigenart zugänglich, wenigſtens
914 1418 1596 1454 inſoweit ſie mehr ſind als künſtleriſche Technik. Neuerdings hat der
914 1437 1593 1477 Maler Edmund Steppes in einer Schrift ſogar die ſpezifiſch
914 1459 1593 1495 deutſche Malweiſe ſelbſt eng zu umgrenzen verſucht. In
912 1478 1593 1515 Wahrheit wird es auch in der bildenden Kunſt mehr kosmopolitiſch
912 1501 1593 1536 und mehr nationaliſtiſch gerichtete Temperamente geben. Wahrhafte
912 1520 1593 1556 Größe und Vollendung kann jedoch nur einer großartigen Kultur⸗
912 1542 1590 1575 tradition entſpringen, die zwar ohne ein nationales Grundelement
912 1561 1590 1599 nicht denkbar iſt, aber eines nationalen Kulturkreiſes großen Um⸗
912 1581 1183 1610 fangs nicht entraten kann.
1655 1881 2276 1921 Auf 300 Lichtdrucktafeln werden 350 Handzeichnungen Michel⸗
1617 1903 2275 1942 agniolos — teilweiſe zum erſten Male — publiziert werden, ſo⸗
1617 1925 2276 1962 daß hier wohl eines unſerer monumentalſten Reproduktionswerke
1616 1944 2275 1982 der letzten Jahre im Entſtehen begriffen iſt. Daß hier zum erſten
1616 1965 2275 2004 Male in einer vollſtändigen Ausgabe alle Zeichnungen Michel⸗
1616 1987 2273 2024 agniolos geſammelt werden ſollen, iſt für den Wiſſenſſchaftler na⸗
1616 2007 2275 2046 türlich von größtem Wert. Das Werk wird gewiß auch bald in
1614 2028 2273 2068 vielen Künſtlerwerkſtätten zum wertvollſten Hausgerät gehören,
1616 2049 2273 2088 zu wünſchen wäre es aber überhaupt allen, die ſich für Kunſt zu
1614 2071 2273 2106 intereſſieren glauben: An dieſen wundervollen Studien, bei denen
1614 2090 2272 2128 oft nicht mehr feſtzuſtellen iſt, für welches Werk ſie verwendet
1613 2111 2272 2149 werden ſollten, könnten ſie ihr Verſtändnis für die Formenſprache
1613 2132 2272 2170 eines der Allergrößten erproben, während vor den vollendeten
1613 2151 2272 2189 Werken das Verſtehen des ſtofflichen Vorganges viele darüber
1612 2173 2272 2212 täuſcht, daß ſie das eigentlich Bildneriſche der Darſtellung nun
1612 2193 1893 2224 doch nicht verſtanden haben.
928 505 1609 546 ſtehen ſich wohl zwei Pole ganz entgegengeſetzter Kunſtauffaſſung ge⸗
928 532 1606 568 genüber, auch wenn einmal in einem Punkt eine Berührung möglich
928 555 1606 591 ſcheint. Bei Liebermann ſteht ganz gewiß nicht die architektoniſche
928 578 1606 614 Geſtaltung eines Werkes im Vordergrunde, er kommt vielmehr von
928 601 1606 637 der „imitativen“ Seite Menzels und Leibls, und erſt
928 623 1604 660 durch Konzentration entſteht ſein Bau; und man weiß ja, wie ab⸗
928 646 1604 682 lehnend Hildebrand über die Impreſſſioniſten ſpricht. Es iſt jedenfalls
925 670 1604 705 amüſant, zu ſehen, wie andererſeits ein anderer Schriftſteller, L. v.
925 691 1604 728 Kunowski, im „Morgen“ (Heft 6) ſich damit hilft, daß er die
925 715 1604 752 unbequeme Schrift Hildebrands einfach ablehnt. Er findet, daß ſich
925 739 1604 774 ein großes Fiasko ergeben würde, wenn man die Porträtgalerie und
922 761 1604 796 viele andere gelungene Bilder der diesjährigen Berliner Sezeſſions⸗
922 784 1604 820 ausſtellung — und hier iſt gewiß nicht zuletzt an Liebermann gedacht
929 808 1604 842 — durch die Brille von Hildebrands „Problem der Form“ anſchauen
922 829 1583 863 wollte, „nämlich ein Fiasko nicht der Bilder, ſondern der Brille“.
1665 1422 2282 1460 In Roſſetti verbindet ſich der Maler und der Poet zu einer
1622 1438 2281 1478 unlöslichen Einheit; ſollte daher das Bild ſeines Schaffens voll⸗
1620 1461 2282 1500 ſtändig ſein, ſollte dieſe merkwürdige pſychopathiſche Perſönlichkeit
1619 1483 2283 1521 einigermaßen verſtändlich gemacht werden, ſo war ſeine Dichtung
1618 1503 2282 1541 und Malerei gleichwertig zu behand nn. Das hat Waldſchmidt
1619 1524 2283 1560 getan, und zwar mit großem Geſeick, wie denn überhaupt ſeine
1619 1544 2283 1580 Leiſtung höchſte Anerkennung verdient. Mit der Gründlichkeit des
1619 1564 2282 1602 echten Forſchers hat er alle literariſchen Quellen verwertet und in
1618 1584 2282 1621 England ſeine Spuren durch öffentliche Muſeen und Privatgalerien
1619 1604 2282 1643 mit Eifer und Sorgfalt verfolgt. Das ſo gewonnene Materiat
1618 1623 2281 1662 ſetzt er aber nicht nach der Art unſerer Gelehrten zu einem müh⸗
1619 1644 2282 1682 ſeligen Moſaikbilde zuſammen, ſondern er ſchafft daraus, kraft
1619 1664 2281 1702 innerer Anſchauung ein Gemälde, das den Eindruck künſtleriſcher
1619 1683 2281 1723 Freiheit hervorbringt. Die Ausſtattung des Buches entſpricht
1618 1704 1814 1736 ſeinem Inhalt.
1806 1707 2281 1742 Ausgezeichnete Reproduktionen von Werken
1616 1723 2279 1763 Roſſentis, Ornamente von Markus Behmer, ein wundervoller
1617 1745 2278 1787 Druck aus der Offizin von Breitkopf u. Härtel tragen dazu bei,
1614 1764 2145 1803 dem Werke einen ungewöhnlichen Wert zu verleihen.
1653 2218 2271 2251 Der jedes Blatt, ja jeden Strich geleitende Text von Profeſſor
1612 2233 2271 2273 Karl Frey von der Berliner Univerſität, der ſich über 20 Jahre
1612 2256 2271 2292 der Michelagniolo⸗Forſchung widmete, ſtellt offenbar das Re⸗
1612 2276 2270 2314 ſultat einer ungeheuren Arbeitsleiſtung dar, und wird im ein⸗
1612 2299 2270 2335 zelnen nur von dem Fachmann voll gewürdigt werden können;
1611 2319 2270 2354 er bringt aber in der Darſtellung von hiſtoriſchen und ſtiliſtiſchen
1611 2340 2270 2376 Zuſammenhängen doch auch jedem Intereſſantes, der bei liefe⸗
1610 2361 2270 2396 rungsweiſem Bezug des Werkes Muße genug zu ruhigem Leſen
1610 2382 2270 2418 und vergleichender Betrachtung behält. Dabei mögen die Künſt⸗
1608 2402 2270 2438 ler dann auch einmal anderer Meinung über die künſtleriſche Be⸗
1608 2424 2012 2455 wertung der verſchiedenen Blätter ſein.
2004 2426 2270 2459 In der Zeichnung eines
1608 2443 2269 2479 ſitzenden Mannes zum Beiſpiel (Blatt 17) werden nicht alle
1607 2465 2267 2500 Michelagniolos Hand erkennen wollen. Sollte dieſes Blatt nicht
1607 2486 2267 2521 doch mit Recht im Britiſh Muſeum für unecht gehalten werden?
1607 2506 2267 2542 Faſt könnte man nach der Reproduktion meinen, daß der ſchöne
1607 2527 2269 2562 Oberkörper von Michelagniolo ſtamme, aber von fremder Hand
1607 2548 2266 2586 durch dieſe lebloſen, hölzernen Beine zu der jetzigen „fertigen“
1607 2569 1874 2598 Zeichnung ergänzt wurde.
273 918 910 951 Man vermutet zunächſt bei dem Titel dieſes neueſten Buches aus
233 937 910 975 Caſſirers Verlag, daß man ſich jetzt ſchlüſſig werden ſolle, ob Lieber⸗
232 964 908 999 mann — trotz Klinger etwa — nun auch unſer größter Graphiker ſei.
232 986 908 1022 Dieſe Frage liegt genau ſo nahe, wie die nach dem größten Maler;
232 1009 908 1046 faſt iſt Liebermanns „Richtung“ in ſeiner Graphik reiner und ſelbſt⸗
232 1033 908 1069 ſtändiger enthalten, als in ſeinen Bildern. Aber ſo lange ſolche
231 1057 908 1093 Fragen noch fraglich ſind, kommt ihre Beantwortung eben zu früh und
231 1080 908 1116 man iſt darum angenehm enttäuſcht, in dem vorliegenden Buch
230 1102 908 1140 hauptſächlich ein nützliches Nachſchlagewerk zu finden: ein Verzeich⸗
230 1128 908 1165 nis aller Originaldrucke Liebermanns ſowie ſeiner Zeichnungen, ſo⸗
230 1150 908 1185 weit ſie zum Zweck mechaniſcher Reproduktion entſtanden; einen
230 1174 908 1209 oeuvre-Katalog, wie er über kurz oder lang kommen mußte. Daß
230 1196 905 1232 Guſtav Schiefler aber heute ſchon die erſte Vorarbeit leiſtete, iſt
228 1220 905 1257 jedenfalls dankenswert, ebenſo ſeine kurze Einleitung voll Verſtänd⸗
228 1244 905 1280 nis und die gute Ausſtattung des Buches. Die Reproduktionen im
227 1266 905 1304 Text ſind freilich mehr ein Schmuck des Buches, als daß ſie zur Unter⸗
226 1290 905 1327 ſtützung des Katalogzweckes ausgewählt und eingeordnet wären, und
226 1314 905 1352 der kleine Originaldruck vorn würde dem, der noch keine Radierungen
227 1336 905 1374 Liebermanns ſah, kaum zum Verſtändnis helfen. Wer aber Lieber⸗
227 1362 905 1398 mann als Zeichnier kennt — und nur an Kenner iſt wohl bei der
226 1383 905 1422 kleinen Auflage von 300 numerierten Exemplaren gedacht — wird
226 1408 905 1446 gern beim Blättern dieſer Seiten die Erinnerung an frühere ſtarke
226 1431 821 1464 Eindrücke auffriſchen, die er vor den Originalen empfing.
950 1604 1590 1638 Der däniſchen Kunſt — wenn wir darunter Malerei, bildende
912 1621 1590 1659 Kunſt und Baukunſt verſtehen — fehlt der großartige Hintergrund.
912 1645 1590 1680 Der däniſche Kulturkreis war klein wie das Lard, auch noch zur
912 1665 1590 1702 Zeit, als Norwegen und Schweden ſeine politiſchen Hinterſaſſen
912 1686 1590 1722 waren. Auch eine große nordgermaniſche Kultur hat ſich im
912 1707 1590 1742 19. Jahrhundert nicht zu entwickeln vermocht. Deshalb haben wir es
912 1729 1590 1764 bei däniſcher Kunſt im weſentlichen mit beſcheidenen Konſonanzen
912 1751 1590 1786 der europäiſchen Entwickelung zu tur. Dies iſt das Urteil, das einer
909 1771 1588 1807 ihrer beſter⸗ Kenner, der Direktor des Kopenhagener Kunſtgewerbe⸗
909 1793 1588 1828 muſeums, Emil Hannover, in ſeinem bei E. A. Seemann
909 1814 1588 1848 in Leipzig in deutſcher Ueberſetzung erſchienenen Buche über die däni⸗
909 1835 1588 1870 ſche Kunſt des 19. Jahrhunderts fällt. In einer zierlichen, ziſelier⸗
909 1856 1588 1891 ten Sprache, die alle Ecken und Kanten abſchleift, bietet er hauptſäch⸗
909 1877 1588 1912 lich die Grundlinien einer Entwickelung der däniſchen Malerei.
909 1897 1588 1934 Zahkkreiche Illuſtrationen dienen der unmittelbaren Anſchauung
909 1920 1588 1954 Soweit er mehr andeutet, als den Kampf verſchiedener Auffaſſungen
909 1940 1588 1975 des „Sehens“ und des „Malens“, ſoweit er vielmehr das weſentlich
909 1961 1588 1997 Däniſche der Merſſchen und der Landſchaft feſtzuhalten und Ana⸗
909 1982 1588 2018 logien mit Parallelreihen der nationalen Entwickelung in Dichtung
909 2003 1585 2039 und Weltanſchauung zu konſtruieren beſtrebt iſt, führt er den deut⸗
909 2024 1585 2060 ſchen Außenſeiter auf ſchwieriges Gelände. Man muß ſchon ein aus⸗
909 2045 1585 2081 gezeichneter Völkerpſychologe ſein, wenn man im Großſtadt⸗ und
909 2066 1585 2101 Plattlanddänen, im Inſeldänen und im Jütländer, im Skeptiker und
906 2087 1585 2123 im Bekenner in Weltanſchauungsfragen das gemeinſame völkiſche Ele⸗
906 2109 1585 2144 ment herauszukriſtalliſieren ſich vermeſſen will. In der Tat haben ſelbſt
906 2129 1585 2166 Dichter wie J. P. Jacobſen und philoſophiſch⸗religiöſe Ethiker
906 2151 1582 2186 wie Grundtvig (oder vielmehr die von ihm ausgehende Be⸗
906 2172 1582 2209 wegung der Grundtvigianismus) auch auf die Entwickelung der
906 2192 1263 2224 Malerei großen Einfluß ausgeübt.
946 2215 1582 2249 Franzöſiſche Tradition veherrſchte im 18. Jahrhundert die dä⸗
906 2231 1582 2269 niſche Malerei wie die ſkandinaviſche bürgerliche Kultur überhaupt.
906 2255 1582 2292 Der erſte große Erwecker der Malerei zu nationalem Sondardaſein
906 2275 1582 2311 war Eckersberg (Anfang des 19. Jahrhunderts). Er war Rea⸗
906 2297 1582 2334 liſt sans phrase, und als ſolcher Entdecker der däniſchen Landſchaft
906 2318 1580 2353 und des däniſchen Meeres, dazu als Porträtiſt Vertreter einer „bür⸗
906 2337 1580 2376 gerlichen“ Kunſtauffaſſung. In ſeiner Schule ward ſchon das Schlag⸗
904 2359 1580 2398 wort geprägt oder wiederholt, das neuerdings bei uns keine ganz
904 2381 1580 2418 geringe Rolle geſpielt hat, daß es bei der Malerei nicht auf das
904 2401 1580 2437 „Was“, ſondern auf das „Wie“ der Darſtellung ankomme. Die
904 2421 1580 2459 nächſte höhere Stufe erſtieg Marſtrand. Er ließ die „ideoliſti⸗
904 2443 1580 2479 ſche“ Auffaſſung auf ſich wirken, die unter italieniſchem Himmel
904 2465 1580 2500 namentlich deutſche Maler beeinflußte. Er iſt Genremaler, mit
904 2485 1580 2521 intenſiveren Farben, charakteriſtiſcheren Menſchen als ſie vor ihm da
904 2506 1580 2542 waren, mit aufrichtigem Streben nach einem großen Stil, aber im
904 2527 1580 2563 ganzen doch ohne wahre Größe, zu deren Ahnung er ſich allerdings
904 2548 1580 2586 einmal in dem Bilde „Das große Abendmahl“ aufſchwang. Nach
904 2568 1522 2604 ihm zerſplittern ſich die däniſchen Künſtler in „Europäer“,
1515 2576 1580 2605 wie
901 2588 1580 2626 Bloch und Schou, und in „Nationale“, deren Gipfelpunkte die Na⸗
901 2610 1580 2649 men Sonne, Dalsgaard, Vermehren und Lundbye bezeichnen. Lang⸗
901 2632 1580 2668 ſam nähern wir uns der Gegenwart. Jahrzehnte lang bis in die
901 2653 1580 2689 achtziger Jahre iſt ein unerhörter Stillſtand die Signatur däniſcher
901 2674 1580 2710 Kunſt. Dann gingen die däniſchen Maler wieder nach Paris in
901 2694 1580 2731 die Schule der Impreſſioniſten. Es folgte der Sieg der Farbe in
901 2716 1577 2752 den Bildern von Tuxen und Kroyer, die Renaiſſance der dä⸗
901 2736 1577 2772 niſchen Landſchaftsnalerei in der Skagener Kolonie und die Erobe⸗
898 2758 1577 2794 rung der Staffelei durch den künſtleriſchen Subjektivismus der
898 2778 1577 2815 Zahrtmann und Hammershoi und den Jakobſenſchen
898 2800 1577 2837 Stimmungszauber von Julius Paulſen. Die neueſte Phaſe iſt
898 2821 1577 2856 eine merkwürdige Miſchung von archaiſtiſcher Romantik und ratio⸗
898 2842 1577 2878 naliſtiſchem Naturalismus, die in den Gebrüdern Skovgard ihre
898 2863 1577 2898 bezeichnendſten Vertreter gewonnen hat und die der Verfaſſer als
898 2884 1574 2923 ſpezifiſches Erzeugnis des däniſchen Naturells anſpricht, deſſen Be⸗
898 2904 1244 2934 grenztheit ihm nicht verborgen iſt.
1671 683 2291 723 Roſſetti gilt vielfach als der eigentliche Vater des Praerafaëlis⸗
1631 706 2293 745 mus, aber mit Unrecht. Was ihn mit Millair und Holman Hunt
1630 727 2293 764 zuſammenführte, war der Widerwille gegen die akademiſche
1630 747 2293 786 Schablone und die gemeinſame Ueberzeugung, daß jeder Verſuch
1630 767 2293 806 zur Regeneration der Kunſt an die Meiſter vor Rafael anknüpfen
1630 788 2293 825 müſſe. Darüber hinaus aber waren ſeine Ziele völlig andere als
1630 807 2293 848 die der Praerafaëliten, und ſo trennte er ſich bald auch äußerlich
1629 829 2291 867 von ihnen. Ihre Kunſt trägt ausgeſprochen naturaliſtiſchen Cha⸗
1629 849 2291 887 rakter, die ſeinige hat ihre Quellen nicht in der äußeren Natur,
1628 870 2291 908 die ihm gleichgültig war, ſondern in ſeiner eigenen Seele und in
1626 889 2291 929 den Werken derjenigen Poeten und Künſtler, welchen er ſich
1626 910 2291 949 weſensverwandt fühlte. Von Dichtern haben nächſt Dante und
1628 931 2290 968 Chaucer, namentlich John Keats, Coleridge und Edgar Allen Poe,
1628 951 2290 989 auf ihn entſcheidenden Einfluß ausgeübt, von Malern beſonders
1626 972 2291 1010 der ſeltſame Viſionär William Blake (der übrigens auch Verſe
1626 992 2290 1032 machte). Bei dieſen Sehern und Phantaſten fand ſein kranker
1626 1012 2289 1051 Geiſt die ihm zuſagende Nahrung, das Unwirkliche, Ueberſtiegene,
1625 1032 2289 1073 Künſtliche in ihnen zog ihn an, aus dieſen Elementen geſtaltete
1626 1053 2289 1092 ſich ſeine Malerei und Dichtung. Der Wirklichkeit ſtand er voll⸗
1626 1075 2289 1112 kommen hilflos gegenüber; ſein wahres, eigentliches Leben lebte er
1625 1094 2289 1133 in der Phantaſie, in einem ſomnambulen oder Trancezuſtande; er
1625 1114 2289 1153 hatte mehr Verkehr mit Spirits als mit Menſchen von Fleiſch und
1624 1134 2288 1175 Blut. Krankhaft wie ſeine Natur war notwendig auch ſein Schaf⸗
1625 1155 2288 1194 fen; ſo haben ſeine Werke, ſo bewunderungswürdig ſie in mancher
1625 1177 2288 1215 Hinſicht ſind, doch nie das Erquickende, Befreiende in der wahrhaft
1624 1197 2288 1235 großen Kunſt. Er „wirkt zunächſt berauſchend, dann aber kommt
1625 1218 2287 1255 allmählich das Dumpfe und Schwüle ſeiner Kunſt, das Unfreie ſei⸗
1624 1237 2285 1275 ner Perſönlichkeit zum Bewußtſein“, und man empfindet, wie der
1624 1256 2285 1296 Verfaſſer, ein gewiſſes Gefühl der Befreiung, wenn man mit ihm
1624 1278 2284 1317 fertig geworden iſt. Roſſettis Bedeutung liegt „weniger in ſeinen
1622 1297 2283 1337 Leiſtungen, als in den Anregungen, die er der folgenden Genera⸗
1623 1318 2283 1358 tion gab: er war das Genie, das ſeinen Reichtum von ſich warf,
1623 1339 2283 1377 damit ſich die Erben darin teülten“. In Morris. Burne⸗Jones
1623 1360 2284 1398 und Crane, in Swinburne, Wilde und Beardsley wirkt ſein Geiſt
1622 1380 2284 1419 fort, und auch in den Bildern von F. Khnopff wie in Maeterlinds
1620 1399 1978 1434 Dramen ſpürt man ſeinen Einfluß.
262 1644 902 1678 Liebermann geht jedenfalls rückſichtslos nur auf das los, was er
221 1663 902 1700 ausdrücken will, die Wahl der Ausdrucksmittel ahnt er vor der
220 1686 900 1724 Arbeit ſelbſt kaum; das „Was“ aber iſt ihm klar und iſt das Ziel
220 1710 900 1747 ſeiner enormen Energie. Mit Worten iſt dieſem „Was“ natürlich
220 1734 900 1771 nicht beizukommen: Größe, Einfachheit, Licht, Raum bezeichnen nur
219 1758 900 1794 wenig. Aber nach acht Jahren Berliner Sezeſſion fällt heute auf,
219 1781 900 1817 wie ſehr im Vergleich mit den Jüngſten bei Liebermann doch der
220 1803 897 1840 Inhalt wirkt, und wie er aus ſeinen Menſchen das Menſchliche her⸗
219 1827 897 1865 ausholt. Dieſe Entwickelung iſt in ſeiner Malerei vielleicht daut⸗
219 1850 900 1888 licher zu verfolgen: Liebermann fängt fabelhaft geſchickt an, er hat
220 1874 897 1910 mit 26 Jahren in ſeinen Gänſerupferinnen ſehr viel
221 1897 897 1933 „Technik“. Aber immer mehr wird das Material Mittel zum
220 1921 897 1957 Zweck, und einige Porträts der letzten Zeit wirken neben ſeinen
219 1944 897 1981 frühen Bildern faſt unbeholfen. Das Endziel kommt dann in ſeiner
219 1967 897 2004 Graphik noch reiner zum Ausdruck. Iſt es, weil er offenbar erſt
219 1991 897 2027 1883 zur Radierung kam (auf Veranlaſſung einer franzöſiſchen
218 2013 897 2051 Zeitſchrift übrigens)? Hätte er hier nicht auch mit einer „Technik“
216 2039 897 2075 angefangen, wenn er das Radieren ſchon mit dem Malen zugleich
215 2061 897 2096 begann? So können Vorteile aus Nachteilen entſtehen, ſo iſt
216 2084 894 2120 Stauffers geradlinige „Stichradierung“ vielleicht entſtan⸗
216 2108 894 2143 den, weil er den gelernten Stechern ihre Kurven nicht
216 2132 894 2167 nachmachen konnte. Aber wollen wir darum auch hier alle
215 2155 894 2190 Ueberlieferungen verlieren? — Liebermann erreichte jedenfalls,
215 2179 897 2213 daß ſeine Radierungen faſt entmaterialiſiert wirken, nichts von den
215 2202 897 2236 Dingen an ſich finden wir mehr, nur noch, was ihre Formen und
214 2223 894 2260 Tonverte dem empfindſamen Auge an Stimmungsgehalt bringen.
214 2247 897 2282 Um dieſen herauszuziehen, nimmt er oft immer von neuem dasſelbe
214 2271 897 2306 Motiv, und man verſteht nicht mehr, warum er der Prophet des Häß⸗
213 2294 897 2329 lichen ſein ſollte, denn man wird über das Aeußere der Dinge kaum
213 2318 897 2352 orientiert. Es kommt gar nicht in Frage, ob ſeine Menſchen häßlich
213 2340 894 2375 ſein könnten, aber wie ſie arbeiten und in der Landſchaft wohnen,
213 2363 894 2399 geigt er uns. Dieſer höhere Standpunkt, von dem aus er den Zuſam⸗
213 2387 894 2422 menhang von Menſch und Natur erkennt, bringt uns ſeine tätigen
212 2408 894 2444 Menſchen oft näher, als es frühere Maler vermochten, wenn ſie die
212 2433 894 2468 intereſſanteſten Modelle vor komponierter Landſchaft zeigten. Es iſt
209 2456 894 2490 mitunter fabelhaft, wie charakteriſtiſch dieſe ſchwarzen, verätzten
210 2478 894 2513 Flecke auf Liebermanns Platten leben. Und das unterſcheidet ihn
210 2502 892 2536 eben von vielen, die nach ihm kamen, daß ſeine Diſtanz von den Din⸗
209 2525 892 2560 gen doch wieder gering genug bleibt, um dieſen Inhalt nicht zu ver⸗
208 2548 892 2581 lieren. Die bildneriſchen Probleme ſind ſeit Liebermann noch weiter
208 2570 892 2607 entwickelt worden. Aber wenn man die Konſequenz zu weit treibt,
207 2594 892 2628 iſt es natürlich, daß von ſo hohem Standpunkt geſehen von der Erde
208 2617 892 2652 und ihren Bewohnern mit all ihren menſſchlichen Intereſſen nichts
208 2640 891 2677 übrig bleibt als kleine Farbenflecke und geometriſche Straßen⸗
207 2664 292 2697 gebilde.
2085 1791 2247 1825 Hugo Witt.
2042 603 2272 639 Dr. F. Borchardt.
423 550 740 604 Max Liebermann.
300 598 845 639 Von Profeſſor Heinrich Wolff⸗Königsberg.
1001 1276 1503 1322 Däniſche Kunſt des 19. Jahrhunderts.
354 502 806 556 Das graphiſche Werk von
1616 634 2293 679 Wolfram Waldschmidt, Dante Gabriel Rossetti. Ver-
1616 658 2107 695 legt bei Eugen Diedrichs, Jena und Leipzig.
1600 1812 2277 1855 Die Handzeichnungen des Michelagniolo Buonarrot.
1600 1835 2276 1876 Herausgegeben von Prof. Dr. Karl Frey. Lieferung 1—3. Ver-
1602 1855 1943 1888 lag von Julius Bard. Berlin.
1548 315 1580 338 2
539 291 1995 447 Literariſche Rundſchau.
