2400 3344
1596 2681 1795 2715 Tendenz: Sehr feſt.
533 3096 833 3137 Walter Turszinsly.
914 889 1558 931 h. Wien, 31. Auguſt. Dr. Lueger iſt ſoweit wieder herge⸗
877 912 1402 946 ſtellt, daß er die Reiſe nach Neubruck antreten kann.
911 1142 1558 1184 Breſt, 31. Auguſt. Der Brand auf dem Kriegsſchiff „Ca⸗
874 1161 1503 1205 lédonia“ iſt gelöſcht. Menſchen ſind nicht zuſchaden gekommen.
1509 1173 1558 1202 Der
874 1186 1195 1221 Sachſchaden iſt nicht bedeutend.
218 526 868 559 Marſeille, 31. Auguſt. Der Sultan von Sanſi⸗
178 545 868 583 ber iſt mit zahlreichem Gefolge heute früh mit dem deutſchen
178 568 593 599 Dampfer „Prinzeſſin“ hier eingetroffen.
221 870 580 902 kg. Shanghai, 31. Auguſt.
572 873 865 906 Japan proteſtiert in Peking
179 891 865 931 gegen die Einrichtung einer ruſſiſchen Niederlaſſung mit
179 915 581 946 einer Selbſtverwaltung in Charbin.
186 200 870 237 ruſſiſche Zingeladſutant Herzes Peter von Odenburg eintrafen.
186 225 870 264 Gegen 5 Uhr erfolgte die Rückfahrt nach Karlsbad und gleich darauf
185 248 521 279 die Weiterfahrt nach Marienbad.
1778 2292 1833 2316 am 30.
1836 2292 1894 2316 am 31.
1776 2307 1837 2332 198.90
1836 2309 1894 2332 200.10
1776 2323 1834 2346 150.50
1836 2324 1894 2347 152.20
1776 2339 1834 2363 1113.10
1836 2340 1894 2363 113.50
1776 2354 1834 2393 229
1836 2354 1894 2378 125.50
1776 2370 1813 2393 222
1836 2370 1894 2394 224.50
1776 2385 1813 2408 167/
1836 2385 1894 2423 1693%
1776 2400 1813 2424 137.
1836 2401 1873 2424 138.
1805 2385 1834 2456 2188
1776 2415 1813 2440 1116/
1836 2415 1871 2440 117
1864 2415 1892 2438 Y
1776 2431 1813 2454 132.
1835 2431 1873 2454 134.
1776 2447 1814 2472 17.
1805 2448 1833 2471 —
1835 2431 1892 2473 40
1781 2465 1809 2486 *5
1800 2463 1833 2486 —
1840 2466 1889 2488 —.—
1781 2479 1810 2497 —
1840 2479 1889 2498 —,—
1778 2490 1834 2517 139.50
1836 2490 1889 2517 140.6
1780 2508 1835 2535 39.20
1839 2509 1889 2535 30.60
1781 2526 1833 2545 —.—
1840 2527 1889 2547 —.—
1780 2537 1834 2563 90.50
1835 2537 1889 2581 183.50
1776 2552 1833 2580 162.—
1781 2573 1832 2596 ——
1781 2587 1832 2610 ——
1835 2574 1889 2615 4303
1781 2602 1811 2625 —.
1804 2602 1831 2626 —
1860 2605 1889 2623 —
1804 2618 1832 2638 —
1835 2611 1889 2640 118.50
1778 2628 1833 2658 126.70
1835 2632 1892 2658 127.50
1780 2651 1833 2689 22.5
1839 2648 1892 2691 22.30
899 2703 1548 2746 * Das Apollotheater eröffnet am Sonntag ſeine diesjährige
864 2724 1548 2766 Saiſon mit einem Programum, wie es bisher hier noch nicht geſehen
864 2748 1509 2787 ſein ſoll. Wir machen auf Erſuchen erneut darauf aufmerkſam.
903 2300 1548 2342 * Das Domkonzert findet, wie wir auf Erſuchen mitteilen, nicht
864 2322 1548 2363 am 25. September d. J., ſondern am Donnerstag den 26. September
864 2346 1548 2384 ſtatt, weil für das Abſchiedseſſen für den Miniſter des Innern von
864 2367 1256 2403 Moltke der 25. September beſtimmt iſt.
221 432 868 466 Paris, 31. Auguſt. Die Zeitung „Cri de Paris“ erhielt von
179 455 868 489 einem ungenannten Geber 15 000 Franks, die dem Sozialiſten
179 477 868 514 Hervé zur Verfügung ſtehen ſollen, wenn er einwilligt, ein Jahr
178 500 839 532 lang in Deutſchland antimilitariſtiſche Propaganda zu betreiben.
900 2594 1548 2633 * Die Influenza unter den Pferden graſſiert, einem Privattele⸗
864 2617 1548 2657 gramm aus Raſtenburg zufolge, dort in Stadt und Land. Im
864 2640 1548 2681 Landgeſtüt ſind bisher an dieſer Seuche ſieben Hengſte verendet und
864 2663 993 2697 45 erkrankt.
1634 337 2257 376 Bei dem Promenadenkonzert am Schloßteich, bei dem am Sonn⸗
1578 359 2260 398 tag die Kapelle des Infanterieregiments Nr. 43 ſpielt, gelangen
1578 380 2260 418 folgende Stücke zum Vortrag: Anona, Intermezzo von Grey. La
1578 399 2259 439 Barcarole, Walzer aus Hoffmanns Erzählungen von Offenbach.
1578 421 1858 455 Herkules⸗Marſch von Fucik.
911 1297 1556 1337 * Aus Cranz wird uns geſchrieben: In der am 26. d. M. abge⸗
872 1317 1556 1357 haltenen Sitzung wählte die Gemeindevertretung den Rentier Otto
872 1339 1556 1377 Krauſe zum Gemeindeſchöffen und beſchloß unter Annahme der
872 1359 1556 1401 Dringlichkeit, etwas Terrain zur Erweiterung des Armenhausgrund⸗
872 1378 1329 1416 ſtücks und zu einem anderen Zweck zu kaufen.
1578 211 2262 253 Hinblick auf die Bedeutung und Wichtigkeit der Waiſenpflege auch an
1578 236 2261 274 dieſer Stelle darauf aufmerkſam machen, daß die Vorſitzende des
1578 256 2259 295 Vaterländiſchen Frauenvereins, Fräulein von Goßler, Jäger⸗
1578 277 2260 315 hofſtraße 20, in der Stunde von 3 bis 4 Uhr bereit ſein würde, Mel⸗
1578 298 2012 332 dungen und Vorſchläge entgegenzunehmen.
882 205 1566 243 bei denen 45 Komitatſchis getütet wurden. Zur energiſchen Be⸗
882 229 1566 267 kämpfung der Banden werden binnen einem Monat ſechs Jäger⸗
882 253 1566 288 dataikne zu 800 Mann neu errichtet, die als fliegende Kokonnen
882 275 1566 314 und Patrouilken verwendet und ſorgfältig ausgewählten Offizieren
882 298 1137 329 unterſtellt werden ſollen.
1562 2305 1773 2333 Oesterreichische Kreditaktien
1562 2322 1773 2348 Berliner Handelsgesellschaft.
1562 2337 1774 2365 Kommerz- und Diskontobank.
1562 2352 1774 2381 Oarmstädter Bankaktien .. .
1562 2369 1774 2396 Aeutsche Bankaktien .... ..
1562 2384 1774 2412 Oiskonto-Kommandit .... .
1562 2399 1773 2428 Dresdner Bank . . . . . . .
1560 2415 1772 2442 Nationalbank . . . ...... .
1560 2429 1773 2459 Schaaffhausener Bankverein .
1560 2444 1773 2474 Russische Bank .. . . . . . .
1560 2461 1772 2488 Wiener Bankverein . . . . . .
1560 2477 1773 2503 Lübeck-Büchener Eisenb.. .
1560 2491 1766 2520 Oesterr. Staatsbahn . . . .
1624 2508 1715 2532 Südbahn
1560 2514 1773 2550 Analol. Eisenbahn (600%) ..
1560 2537 1773 2566 Baltimore and Ohio. . . . . .
1560 2554 1772 2581 Carada Pacific.
1560 2568 1702 2593 Gotthardtbahe...
1709 2573 1766 2596 ......:
1560 2585 1713 2609 ital. Meridionalbahn
1709 2588 1772 2611 ........ :
1590 2599 1710 2627 Mittelmeerbann
1706 2604 1772 2627 . . .
1560 2611 1710 2640 Pennsylvania.: .
1706 2620 1772 2643 ..... . :
1560 2629 1732 2657 Prince Heny-Bahn .. .
1741 2635 1772 2658 »*
1560 2645 1734 2673 Warschau-Wiener Bahn
1560 2662 1726 2686 3% Reichsanleihe . ..
915 712 1561 751 Stockholm, 31. Auguſt. Das Hofgericht in Abo verkündete
877 734 1561 775 beute das Urteil im Sveaborger Aufruhrprozeß.
877 758 1561 798 Dreißig Teilnehmer wurden zu vier Jahren, zwei Rädelsführer
877 782 1561 820 zu ſechs bezw. fünf Jahren Zuchthaus verurteilt, einige
877 803 1361 839 Minderjährige zu drei Jahren Gefängnis.
209 1948 857 1986 Konſtantinopel, 31. Auguſt. Nach einer auf amtlichen
167 1967 854 2008 Mitteilungen beruhenden Zuſammenſtellung über das Banden⸗
167 1993 854 2030 unweſen in Mazedonien fanden im Juli a. St. bis 13.
167 2015 854 2053 Auguſt acht Kämpfe mit bulgariſchen Banden ſtatt, wobei 143 Komi⸗
166 2039 857 2077 tatſchis getötet wurden, und mit griechiſchen Banden vier Kämpfe,
224 595 868 627 Chriſtiania, 31. Auguſt. Die Kaiſerin⸗Witwe
177 615 868 651 von Rußland ging Mittags 12 1½ Uhr hier an Land. Sie wurde
178 638 865 674 von den Mitgliedern des königlichen Hauſes, der Königin von Eng⸗
177 661 868 697 land und der Prinzeſſin Viktoria empfangen. Von einer großen
177 683 868 722 Menſchenmenge begrüßt, fuhren die Herrſchaften nach Schloß Bygdee,
177 707 439 738 wo ſie Wohnung nehmen.
917 510 1564 546 Kopenhagen, 31. Auguſt. Die Vereinigung der Arbeit⸗
880 529 1564 570 geber hat beſchloſſen, gegen die zuſammenwirkenden Fach⸗
880 554 1564 592 verbände vor dem Gewerbegericht Anklage zu erheben wegen
880 575 1564 614 Bruches des Uebereinkommens vom 5. September 1899, da ſie Be⸗
880 599 1564 639 weiſe dafür habe, daß einige Fachverbände Bautiſchler während des
880 621 1383 658 Ausſtandes durch Geldzuwendungen unterſtützten.
920 323 1566 357 Konſtantinopel, 31. Auguſt. Wie die türkiſchen Blätter
882 343 1566 381 melden, hatten türkiſche Truppen bei Rakle im Wilajet Monaſtir mit
882 365 1566 404 einer dulgariſchen Bande einen Kampf zu beſtehen. 17
880 388 1566 426 Mann der Bande wurden getötet. Die Blätter bemerken zu dieſer
880 411 1566 450 Meldung, daß die Banden dank der Bemühungen der Truppen in
880 434 1445 471 keinem Teile der drei Wilajets ſich mehr halten können.
213 1409 860 1448 Marſeille, 31. Auguſt. Auf dem geſtern Abend eingetrof⸗
172 1433 860 1471 fenen Transportdampfer „Mytho“ wird ein für Caſablanca
172 1456 860 1493 beſtimmter Luftballon verladen. Der Dampfer nimmt außer⸗
171 1480 860 1517 dem eine Luftſchiffer⸗ und Pionierabteilung mit Material an Bord.
171 1502 860 1539 Er ſoll ſpäteſtens Sonntag nach Oran abgehen, um dort noch andere
171 1525 748 1560 für Caſablanca beſtimmte Truppen an Bord zu nehmen.
218 731 868 768 Liſſadon, 31. Auguſt. Nach amtlichen Meldungen aus
177 752 868 789 Moſſamedes erkämpften die portugieſiſchen Truppen am 27.
177 776 868 813 und 28. d. M. bei Muſilo, einige Kilometer von der Feſtung
177 797 868 834 Rocadas, einen glänzenden Sieg gegen die Cuamatas. In dem
178 821 865 858 Kampfe fielen zehn weiße Soldaten; zwei Leutnants und 29 Sel⸗
176 844 775 877 daten wurden verwundet. Der Feind hatte große Verluſte.
906 1959 1550 1992 Da der nach Cranz führende Mittagszug Nr. 102 vom 1. Septem⸗
866 1976 1550 2015 ber ab ausfällt, können die Inhaber von Badekarten erſt um 5,51 Uhr
866 1997 1550 2035 Nachmittags in Cranz eintreffen; um ihnen das Baden zu ermöglichen,
866 2018 1550 2056 hat die Badeverwaltung beſchloſſen, daß bis auf weiteres das Herren⸗
866 2039 1550 2076 und Familienbad bis 7 Uhr Abends geöffnet ſein ſoll. — Das auf
866 2059 1550 2098 Freitag feſtgeſetzte Seefeuerwerk mußte des plötzlich eintretenden Regens
866 2081 1168 2112 halber leider wieder ausfallen.
903 2119 1550 2159 * Vom Schlage getroffen. Wie uns ein Privattelegramm aus
866 2143 1550 2183 Berlin meldet, wurde der 47 Jahre alte, aus Wolfsdorf in Oſt⸗
866 2167 1550 2206 preußen gebürtige Stellmacher Gandlau, der in Berlin in Stel⸗
866 2190 1548 2230 lung war, in einer Schankwirtſchaft vom Schlage getroffen und war
866 2213 1550 2251 ſofort tot. — In einem Aſyl in der Wieſenſtraße wurde ein aus
864 2237 1550 2278 Königsberg gebürtiger Händler Die! gleichfalls vom Schlage
864 2259 969 2291 getroffen.
221 939 865 977 kg. Beking, 31. Auguſt. Maßgebende Bekinger Kreiſe ſtimm⸗
178 962 865 999 ten der Erlaubnis unbeſchränkter Heiraten zwiſchen
178 985 865 1023 Mandſchus und Chineſen ſowie gemeinſamer Schulen beider Stämme
178 1010 865 1046 zu. Andere Maßregeln, beſonders die Auflöſung der Bannertruppen,
178 1033 865 1070 ſind noch nicht bewilligt. Eine endgültige Entſcheidung wird erwartet,
178 1056 865 1094 ſobald Jüan Shih kai und Chan Chi⸗Tung in Peking eintreffen
178 1080 267 1111 werden.
222 272 870 307 Paris, 31. Auguſt. In dem heute in Rambouillet abgehalte⸗
182 295 870 330 ner Miniſterrat machten die Miniſter Pichon, Picquart und
182 316 870 352 Thomſon Mitteilung über die aus Tanger, Caſablanca, Fez und an⸗
181 340 870 375 deren Orten vorliegenden Depeſchen. Der Miniſterrat war in allen
180 363 868 398 Fragen volſtändig einer Meinung. Es wurde unverzüglich ein Te⸗
181 387 868 422 begramm, in dem die Anſicht der Regierung dargelegt wird, an Ge⸗
180 409 429 439 neral Drude abgeſchickt.
213 1550 860 1587 h. London, 31. Auguſt. Der franzöſiſche Oberbefehlshaber in
173 1572 860 1611 Caſablanca, General Drude, übt, dem „Dailn Telegraph“ zufolge,
173 1596 860 1635 eine ſehr ſtrenge Zenſur über die Korreſpondenzen aus, ſo daß
172 1618 857 1658 die objektive Berichterſtattung erſchwert iſt. — Die Zahl der angreifen⸗
172 1642 857 1681 den Marokkaner wurde infolge ihrer aufgelöſten Angriffstaktik über⸗
173 1667 857 1706 ſchätzt; es dürften den Franzoſen nur etwa 1200 Mann gegenüber⸗
173 1689 249 1723 ſtehen.
930 2410 1548 2448 Perſonalnachrichten aus dem 1. Armeekorps. Floethe,
864 2428 1548 2468 Proviantmeiſter in Lyck, der Charakter als Rechnungsrat verliehen.
864 2450 1548 2489 Verſetzt: die Kaſerneninſpektoren Reckwald in Tilſit nach Danzig
864 2472 1550 2510 von Oppenkowski in Stettin als Kontrolleführer auf Probe nach
864 2491 1548 2530 Tilſit. Reddemann, Intendanturaſſeſſor und Vorſtand der In⸗
864 2513 1550 2550 tendantur der 2. Diviſion, Rummel, Intendanturaſſeſſor von der
864 2534 1550 2574 Intendantur des VII. Armeekorps, zum 1: November 1907, gegenſeitig
864 2555 943 2587 verſetzt.
210 1713 860 1752 h. Tanger, 31. Auguſt. Wegen der „Havas“⸗Meldung über
172 1737 860 1776 die Beſetzung aller marokkaniſchen Häfen begab ſich
172 1759 860 1799 der Tangerer Korreſpondent der „Frankfurter Zeitung“ zum ſpani⸗
172 1784 860 1823 ſchen Geſandten und fragte an, welche Haltung Spanien gegenüber
172 1808 860 1847 einem ſolchen Vorgehen einnehmen würde. Der Geſandte ging aus
172 1831 859 1870 ſeiner Reſerve nicht heraus, doch hatte der Korreſpondent den Ein⸗
172 1855 857 1894 druck, als ob Spanien die gegenwärtige Sitnation mit Beſorgnis er⸗
172 1878 237 1912 fülle.
2132 2292 2187 2322 am 30.
2189 2292 2247 2322 am 31.
1913 2306 1966 2335 4/%
1959 2306 2117 2334 Chires. Anleihe 1898
1913 2324 1951 2350 *l2
2135 2313 2187 2369 48
2193 2315 2248 2368 159
1931 2325 2124 2365 4Buss. Staebe Ael 192
1913 2339 1940 2363 49
1913 2355 2124 2383 4% Spanische Anl. (ussere).
2136 2360 2186 2383 ——
2194 2360 2246 2383 —.—
1914 2369 2124 2399 Törk. unif. Anl. . . . ... . .
2136 2373 2167 2393 —9
2195 2375 2247 2394 —.—
1914 2385 2124 2414 Türkenlose .. . . . . . . . .. .
2133 2384 2187 2414 140.50
2188 2384 2247 2414 141.600
1913 2401 2126 2431 Ung. Kronsarente. ..... .
2133 2406 2186 2443 203.50
2188 2407 2248 2442 23.50
1913 2417 2126 2443 Bochumer Gußstahl .. ..  .
1913 2432 2126 2460 Deutsch-Luxemburg, Bergwerk
2133 2433 2186 2458 145.—
1913 2448 2126 2476 Dortmunder Union Lit. C. . .
2133 2449 2185 2476 65.—
1912 2463 2126 2491 Hohenichewerke . . . .. . . .
2136 2468 2167 2485 —
2159 2468 2185 2486 —
2188 2435 2247 2519 232*
2133 2477 2186 2503 18.70
1913 2480 2126 2508 Laurabütte...
1912 2493 2126 2521 Phónix   ...
2130 2496 2186 2519 172.10
1912 2508 2126 2537 Rheinische Stahhwerke .. . .
2130 2510 2186 2553 7
2187 2512 2247 2553 1410
1912 2525 2124 2553 Rombacher Hätte .. . . .  .
1913 2540 2126 2568 Konsolidation . . . . . . ... .
2133 2545 2185 2563 ———
2189 2545 2245 2565 ——,—
1912 2556 2124 2584 Gelsenkirchen .. . . . . .
2130 2555 2185 2580 188.10
2187 2555 2246 2596 2190
1912 2572 2116 2596 Harpener .. .. .  2... :
2130 2573 2186 2596 191.70
1912 2587 2124 2614 Große Berliner Straßenbahn
2133 2588 2186 2611 165.12
2187 2588 2245 2611 165.50
1912 2602 2126 2629 Hamburg-Amerik. Paketf.....
2130 2603 2186 2631 17.20]
2187 2604 2245 2631 126.50
1912 2617 2126 2645 Hansa Dampfschiff.-Aktien . .
2132 2622 2185 2640 —,—
2188 2623 2243 2644 —
1912 2633 2126 2661 Norddeutscher Loyd .. . . ..
2130 2632 2164 2658 111
2157 2633 2186 2658 40
2186 2632 2224 2658 111.
2216 2636 2245 2658 —
1912 2648 2126 2676 Dynamit-Trust. . ...
2130 2650 2164 2673 151.
2156 2651 2186 2675 99
2186 2651 2245 2674 158.—
1912 2664 2125 2693 Edison .. .... . .......
2128 2665 2165 2693 135.
2186 2664 2245 2693 137.50
914 937 1561 974 Mailand, 31. Auguſt. Das Blatt „Seecolo“ erhält aus
877 958 1561 998 Borgomanero in der Provinz Novara ein Telegramm, nach dem die in
874 981 1561 1021 künſtleriſchem Stil errichtete Kapelle, genannt Kruzifix von
874 1004 1561 1043 Boca, die vor 70 Jahren mit einem Koſtenaufwande von einer
874 1026 1561 1067 Million erbaut war, eingeſtürzt iſt. Infanterie, welche in der
874 1050 1558 1089 Nähe von Bocc Manöverübungen abhielt, arbeitet an der Aufräu⸗
874 1074 1558 1113 mung der Trümmer in der Befürchtung, daß mehrere Ausländer,
874 1095 1558 1135 die in der Nähe der Kapelle geſehen und dann verſchwunden waren,
874 1119 1251 1151 unter den Trümmern begraben ſind.
216 1147 865 1185 Betersburg, 31. Auguſt. Die Verhandlungen, die ſeit
176 1170 865 1207 einiger Zeit zwiſchen Rußland und England zu dem Zwecke
174 1195 862 1231 geführt worden ſind, gewiſſe Fragen zu regeln, die die wechſelſeiti⸗
174 1218 862 1254 gen Beziehungen in Aſien betreffen, ſind durch den Abſchluß einer
174 1240 862 1277 Konvention beendet worden, die am 18./31. Auguſt durch den
174 1263 862 1299 ruſſiſchen Miniſter des Auswärtigen und dem engliſchen Botſchafter
173 1285 862 1322 in Petersburg unterzeichnet iſt. Dieſe Konvention wird alsbald nach
173 1308 862 1346 dem Austauſch der Ratifikationen, der in nächſter Zeit erfolgen
173 1332 459 1365 wird, veröffentlicht werden.
1637 464 2260 501 Der Dramatiſche Dilettantenverein verſendet ſoehen ſeinen
1578 483 2260 523 Proſpekt für die kommende Saiſon, die 15. ſeines Beſtehens. Eröff⸗
1576 505 2260 543 net wird dieſe durch eine öffentliche Aufführung von Ludwig Fuldas
1576 524 2260 562 Schauſpiel „Das verlorene Paradies“, die am 17. September im
1576 545 2259 583 alten Schützernhauſe ſtattfindet. Im Laufe des Winters ſollen in Ab⸗
1576 566 2259 603 ſtänden von je 14 Tagen 14 Leſeabende in der Deutſchen Reſſource
1576 586 2258 625 und drei bis vier Aufführungen im Schützenhauſe veranſtaltet werden.
1573 605 2258 644 Als Tag für die Leſeabende iſt wie früher der Dienstag feſtgehalten.
1573 626 2259 664 Es wird nach wie vor Beſtreben des Vereins bleiben, die neueſten und
1573 646 2258 684 bedeutenden Erſcheinungen auf dem Gebiete der modernen Theater⸗
1573 667 2259 705 literatur zum Vortrag zu bringen. Wegen nunmerierter Dauerkarten
1573 687 2258 727 für die Saiſon verweiſen wir auf die demnächſt erſcheinenden In⸗
1576 709 1647 738 ſerade.
1626 1340 2252 1380 Neuerungen im Ausſtellungsweſen. Einen wichtigen Fort⸗
1568 1359 2253 1399 ſchritt im Ausſtellungsweſen bedeutet eine Maßnahme des Verbandes
1568 1382 2252 1419 deutſcher Kunſtgewerbevereine. Der Verband, der ſeit 17 Jahren be⸗
1565 1402 2253 1440 ſteht und mehr als 1 600 Mitglieder umfaßt, hat ſich in ſeiner letzten
1568 1423 2253 1460 Tagung einſtimmig dahin geäußert: Das deutſche Kunſtgewerbe iſt im
1568 1444 2252 1481 Zuſammenwirken von Handwerk, Induſtrie und Künſtlerſchaft ſo er⸗
1568 1465 2253 1501 ſtarkt, daß auf kunſtgewerblichen und ähnlichen Fachausſtellungen
1565 1485 2253 1523 von einer Preisverteilung abgeſehen werden kann. Die
1565 1504 2252 1543 Ausſtellungen ſollen ſich ſo geſtalten, daß dem Ausſteller die Zu⸗
1565 1525 2252 1565 laſſung ſeiner Arbeiten an ſich eine Auszeichnung iſt. Dieſen Beſchluß
1565 1546 2252 1583 hat der Verband allen deutſchen Bundesregierungen unterbreitet. Es
1565 1567 2253 1605 ſteht zu erwarten, daß bereits der kommende Winter die praktiſche
1568 1586 2007 1624 Durchführung dieſes Beſchluſſes zeigen wird.
898 2786 1545 2825 * Bedarf an Waiſenpflegerinnen. Der Vorſtand des Vaterländi⸗
864 2807 1548 2848 ſchen Frauenvereins, Ortsverein Königsberg, ſchreibt uns: Durch ein
864 2831 1548 2868 Schreiben des Waiſenamtes unſerer Stadt iſt der Vorſtand von
861 2852 1548 2890 neuem aufgefordert worden, Damen zu nennen und vorzuſchlagen,
861 2873 1548 2911 die ſich zur Uebernahme des Ehrenamtes einer Waiſenpflegerin bereit
861 2894 1548 2933 erklären würden. Die ſtädtiſche Waiſenpflege, die eine immer größere
861 2915 1545 2953 Ausdehnung annimmt, ſtellt an die bereits tätigen Waiſenpflegerin⸗
861 2938 1545 2974 nen derartige Anforderungen, daß dieſe bei dem beſten Willen den
861 2958 1545 2995 geſtellten Anſprüchen nicht mehr genügen können. Dem Vorſtand des
864 2978 1545 3018 Vaterländiſchen Frauenvereins war es vor einigen Jahren gelungen,
861 3000 1545 3039 eine Anzahl von Damen für die Uebernahme des Amtes als Waiſen⸗
861 3022 1545 3059 pflegerin zu gewinnen. Leider hat ſich die Zahl der von dem Vor⸗
861 3043 1545 3081 ſtande gewonnenen Damen im Laufe der Zeit erheblich vermindert,
861 3064 1545 3101 und es iſt bisher nicht gelungen, ausreichenden Erſatz zu finden. Da
861 3084 1545 3123 nun die erneute Bitte des Waiſenamtes erkennen läßt, daß ein fühl⸗
861 3106 1547 3145 barer Mangel an Waiſenpflegerinnen herrſcht, ſo möchten wir im
1594 2781 2243 2820 r. Im Laufe der Börſe gewann die feſte Allgemeintendenz an
1560 2805 2242 2844 Intenſität, zumal London höhere Kurſe ſandte und der hieſige Privat⸗
1560 2830 2241 2867 diskont um ⅛ auf 41½ zurückging. Am Schluſſe der Börſe waren be⸗
1560 2852 2241 2890 ſonders Kohlenaktien höher. Der Kaſſainduſtricaktien⸗
1560 2876 2243 2915 markt zeigte eine feſte Haltung. Es wurden höher notiert: Adler
1560 2899 2241 2938 Zement 5, Alſen Zement 6,50, Hannover Zement 5, Esgeſtorfer Ma⸗
1560 2923 2242 2962 ſchinen 4, Bär u. Stein 4, Orenſtein u. Koppel 3. Zeitzer Maſchinen 3,25,
1560 2947 2243 2985 Annaburger Steingut 3, Delmenhorſter Linoleum 3,25, Deutſches
1557 2970 2243 3010 Gasglühlicht 13, Deutſche Waffenfabrik 3,30, Kahla Porzellan 5,25,
1557 2993 2243 3034 Düſſeldorfer Eiſen 4,50, Eſchweiler Bergwerk 4, Geisweider 4,75,
1557 3017 2242 3058 König Wilhelm 3,25, Meggener Walzwerk 3, Rheiniſch Naſſau 3,
1557 3041 2243 3082 Weſtfäliſcher Draht 4,25, Langendreer 4, Weſtſäliſche Stahlwerke 5,
1557 3064 2242 3103 Wittener Gußſtahl 7, Wittener Stahlröhren 7. Am Markte der Kali⸗
1557 3089 2242 3129 werte war die Tendenz befeſtigt. Die Aktien der Geſellſchaft Held⸗
1557 3112 2021 3150 burg zogenn um 2 Prozent auf 50 Prozent an.
1604 1630 2252 1668 * Polizeibericht vom 31. Auguſt. Berloren: Ein goldener
1565 1649 2252 1688 Freundſchaftsring mit blauem Stein von dem Heumarkt nach der
1565 1671 2252 1709 Albertſtr.; ein gelbes Portemonnaie mit einem Fünfmarkſchein und einer
1565 1692 2251 1729 Gratulationskarte von dem Geſekusplatz nach der Neuen Reiferbahn;
1562 1713 2251 1750 ein ſchwarzes Portemonnaie mit 2,50 Mk. und einer Kontrollmarke
1562 1734 2249 1770 von dem Weidendamm nach der Lutherſtraße; ein ſchwarzes Porte⸗
1562 1755 2251 1790 monnaie mit 20,30 Mk, einer Beamten⸗ und einer Tiergartenkarte
1562 1775 2251 1811 von dem Tiergarten nach der Luiſenallee; ein Dienſtbuch auf Lau
1562 1794 2251 1831 lautend, von der Bahnhofſtraße nach der Wagnerſtraße; ein ſilbernes
1562 1815 2249 1852 Kettenarmband auf Herzogsacker; ein Pincenez mit Nickelfaſſung von
1562 1836 2251 1872 der Weißgerberſtraße nach der Schmiedeſtraße; ein ſchwarzer Gürtel
1562 1857 2248 1892 in den Straßen der Stadt; eine goldene Broſche mit rotem Stein
1562 1877 2247 1914 in den Straßen der Stadt; ein Sparkaſſenbuch, auf Schneider
1562 1897 2247 1933 lautend, von der Kneiphöfiſchen Hofgaſſe nach dem Großen Dom⸗
1562 1919 2248 1955 platz; ein rotes Portemonnaie mit ca. 27 Mk.; eine Tiergartenkarte
1562 1939 2248 1976 und einem Abonnement der Cranzer Bahn auf Funk lautend, in Cranz;
1562 1961 2248 1996 ein goldenes Kettenarmband mit Medaillon im Tiergarten. — Ge⸗
1562 1980 2248 2016 funden: Eine Geldtaſche mit 14,05 Mk., abzuholen vom Fräulein
1562 2000 2247 2036 Olga Holzappel, Sackheimer Kirchenſtraße 24. Hof; eine Schere, ein
1562 2021 2247 2057 Fuhrſchein auf Nickel lautend; eine Tiergartenkarte auf Dulz lautend;
1562 2043 2248 2077 ein Porten maie mit 1,98 Mk.; eine Beamtenkarte; ein Färbemarke
1562 2063 2246 2098 und Rabattmarken; eine Radfahrkarte auf Plaumann lautend, abzu⸗
1562 2083 2246 2118 holen vom Polizeipräſidium. — Verlaufen: Eine ſchwarze Teckel⸗
1562 2105 2246 2141 hündin mit braunen Füßen, abzugeben beim Reiſenden Renowski,
1562 2125 1721 2155 Steindamm 36.
910 1401 1553 1439 Im Anſchluß an dieſe Sitzung fand eine Beratung über die Um⸗
872 1419 1556 1460 geſtaltung der Plantage ſtatt, in welcher Garteningenieur
872 1441 1556 1481 Schönen, Königsberg, nachdem er die Vermeſſungsarbeiten beendet
872 1462 1556 1501 gat, ſeine allgemeinen Ideen über das auszuführende Projekt vor dem
872 1483 1556 1521 Gemeindevorſtand und den Vorſtandsmitgliedern des Verſchönerungs⸗
872 1504 1556 1542 vereins, Dr. Kirchner, Landrat von Batocki und Eiſenbahndirektor
872 1524 1115 1555 Bernſtein, entwickelte.
1108 1527 1553 1562 Als nächſte Aufgabe bezeichneten die Er⸗
872 1544 1556 1584 ſchienenen die Beſeitigung des Sumpfterrains in der Plantage
872 1566 1553 1604 zwecks Verminderung der Mückenplage und die Erweiterung der Pro⸗
872 1586 1553 1625 menade um den Mertinsplatz. Dieſerhalb ſollen Verhandlungen mit
869 1606 1553 1645 der königl. Forſtbehörde gepflogen werden. Ebenſo iſt die Feſtlegung
869 1627 1553 1664 des ſandigen Verlobungsweges und ſeine Verlängerung bis zum Aus⸗
869 1647 1553 1686 ſichtsturm in Kl. Thürigen unter Mitwirkung des Verſchönerungs⸗
869 1669 1553 1706 vereins in Ausſicht genommen. Am 27. d. Mts. fand unter Zu⸗
869 1689 1553 1726 ziehung des ſtellvertretenden Gemeindevorſtehers Rentier Liedtke
869 1710 1553 1747 eine Beſichtigung der Badeanſtalten durch eine Regierungskommiſſion
869 1729 1553 1768 ſtatt, in welcher die Kaltbadeanſtalten als muſtergültig bezeichnet wur⸗
869 1751 1552 1787 den. Der auf den 7. und 8. September in Ausſicht genommene Be⸗
869 1770 1553 1808 ſuch von Delegierten des Oſtſeebäderverbandes iſt wegen ungenügender
867 1790 1553 1829 Beteiligung auf das nächſte Jahr verſchoben worden. Dagegen wird der erſte
867 1811 1550 1850 Bezirksfeuerwehrtag des Verbandes Königsberg am 8. u. 9. Sept.
867 1833 1553 1871 mit nachſtehender Tagesordnung hier abgehalten werden: Begrüßung;
867 1853 1553 1891 Prüfung der Vollmachten; Vortrag über Organiſation des Provinzial⸗
867 1873 1553 1912 Verbandes; Bericht des Herrn Karaſch⸗Pillau über den diesjährigen
866 1895 1553 1932 Hauptverbandstag in Königsberg; Feſtſetzung des Ortes für den
866 1915 1553 1955 nächſtjährigen Verbandstag; Beſprechung über die Gründung von
866 1935 1403 1968 Kreisverbänden; Wahl einer Kritikkommiſion; Anträge.
1613 743 2257 784 * Amerikaniſches Getreide — die Urſache der Blinddarm⸗
1573 764 2258 805 entzündungen. Die zeitweiſe beſtrittene Tatſache der Vermehrung der
1573 787 2258 826 Blinddarmentzündungen iſt ſoeben wieder durch das Reichsgeſundheits⸗
1573 809 2258 848 amt anerkannt worden. Umſomehr intereſſiert es, in der jüngſten
1573 829 2258 866 Nummer der angeſehenſten engliſchen mediziniſchen Zeitſchrift, des
1573 849 2257 887 „Lancet“, eine ſehr überraſchende neue Vermutung über die Ur⸗
1570 870 2257 908 ſachen der ſchnellen Vermehrung dieſer gefährlichen Krankheit zu finden.
1570 890 2257 927 W. H. Battle, der gleichfalls die Vermehrung der Häufigkeit der
1570 909 2257 949 Krankheit als Tatſache anſieht, iſt nämlich der Anſicht, daß ſie herbei⸗
1570 931 2257 971 geführt werde durch außerordentlich kleine Eiſenteilchen,
1570 951 2257 990 eine Theorie, für die er eine ganze Reihe von Gründen und Belegen an⸗
1570 972 2258 1011 führt. Woherſtammen nun dieſe Eiſenteilchen? Da iſt
1570 991 2257 1031 nun Mr. Battle der Meinung, daß das Anſchwellen der Häufigkeit der
1570 1012 2257 1051 Blinddarmentzündung ſich zuerſt in Amerika und zwar ſeit
1570 1033 2257 1070 der Zeit bemerkbar gemacht habe, da Stahl⸗ oder Eiſenwalzen beim
1570 1053 2257 1093 Mahlen des Getreides zur Verwendung gekommen ſeien. Nach Battle
1570 1074 2255 1113 iſt die Blinddarmentzündung zuerſt in den Städten häufiger geworden,
1570 1096 2255 1133 wo zuerſt dieſe Walzen zur Verwendung gelangten, verbreitete ſich dann
1570 1116 2255 1154 in die Dörfer und ſchließlich bei den Negern, die eine Zeitlang verſchont
1570 1136 2253 1173 geblieben waren; und dieſe Entwickelung entſpreche genau der Ver⸗
1570 1158 2254 1195 breitung des Gebrauches gewalzten Kornes. Nach England ſei dann die
1568 1176 2253 1214 Blinddarmentzündung in demſelben Maße vorgedrungen, als die Billig⸗
1568 1196 2254 1236 keit des amerikaniſchen Getreides den britiſchen Wettbewerb unmöglich
1568 1219 2253 1255 gemacht hätte; und ſo ſoll nach Mr. Battle den Siegesweg des ameri⸗
1568 1239 2254 1277 kaniſchen Getreides zugleich die Vermehrung der Blinddarmentzündung
1568 1258 2253 1296 begleiten. Dieſe überraſchende Anſicht verdient jedenfalls die genaueſte
1568 1279 2254 1320 Prüfung, da, falls ſie ſich beſtätigt, die amerikaniſche Getreideeinfuhr
1568 1300 2200 1340 als eine Gefährdung der Volksgeſundheit bezeichnet werden müßte.
167 2098 857 2137 einen Brocken, den ein tückiſcher Spaßvogel an einem dünnen Fäd⸗
166 2121 857 2160 chen befeſtigt, um ihn blitzſchnell zurückzuziehen, ſobald ſich ein Re⸗
166 2144 857 2183 flektant nähert. Wir ſprechen und ſchreiben über den Nutzen der
166 2167 854 2207 Volksbildung, aber wir tun nichts dazu, um denen, die ſie brauchen,
166 2190 857 2228 ihren Genuß möglich zu machen. Wir haben Handelshochſchulen und
165 2213 854 2254 Fortbildungsſchulen, und unſere Theater ſchieben, von philanthropi⸗
165 2237 854 2276 ſchen Beweggründen geleitet, den Beginn ihrer Vorſtellungen faſt
165 2261 854 2298 ausnahmslos in die achte Stunde. Aber was kann das helfen?
165 2282 854 2323 Herr Jandorf, der zwei Warenhäuſer und viertauſendfünfhundert
164 2306 854 2345 Angeſtellte dirigiert, geſteht mit eigenem Freimurt, daß man ſelbſt
162 2328 854 2369 beim Achtuhrladenſchluß die Verpflichtung haben würde, die Abneh⸗
165 2352 854 2392 mer, die das Geſchäftslokal bis acht Uhr Abends betreten haben, noch
164 2375 854 2414 abzufertigen, und daß dieſe Notwendigkeit an jedem Abend zum
162 2399 854 2437 mindeſten eine halbe Stunde extra in Anſpruch nehmen müſſe. Wie
162 2420 854 2461 hilft ſich da der Angeſtellte, der ſich danach ſehnt, die Lücken ſeines
164 2444 854 2483 Intellekts zu ergänzen, mit den Fortſchritten der Kultur in Verbin⸗
162 2468 854 2507 dung zu bleiben? Er nimmt Urlaub — und (ich bitte, auch hierüber
164 2491 854 2530 eine Enquête anzuſtellen) das ſaure Geſicht des Reſſortchefs raubt
162 2513 854 2555 ihm die Luſt, das zum zweiten Male zu tun. Oder aber: er ſchlingt
162 2536 854 2578 ſein Abendbrot in irgendeiner Ecke überhaftig hinab. kommt ganz
165 2560 854 2601 ohne vorbereitende Pauſe aus dem Beruf an die Stätte, die ihn geiſtig
164 2582 854 2623 fördern ſoll, verſpätet dort, iſt verwirrt, profitiert nichts und geht
162 2606 852 2646 am nächſten Morgen nevös, überanſtrengt, übermüdet an ſein Tage⸗
161 2629 852 2669 werk. Von einem Ueberdenken, Zerlegen, von einem geiſtigen Ver⸗
160 2652 852 2691 dauen dieſes Nährſtoffes iſt überhaupt keine Rede. Die unmittel⸗
161 2675 849 2713 bare Konſequenz dieſer Situation iſt eine Erſchlaffung der Wunſches⸗
161 2698 852 2737 kraft in den beteiligten Kreiſen. Der Chef hält es für ſeine Pflicht,
162 2720 852 2761 ſeine Leute zum mindeſten auf den erzieheriſchen Wert der Abend⸗
161 2746 852 2784 kurſe in Fortbildungs⸗ und Handelshochſchulen hinzuweiſen, mit
161 2768 852 2807 derſelben Energie, mit welcher er zugleich gegen den Achtuhrladen⸗
161 2791 852 2831 ſchluß proteſtiert. Seine jungen Herren oder Damen aber haben ein
161 2815 852 2854 klareres Gefühl für ihre Lage. Man empfiehlt ihnen etwas, ohne
161 2837 852 2877 öhnen die hierfür nötige Zeit zur Verfügung zu ſtellen. So wenden
161 2861 852 2901 ſie ſich mürriſch, widerwillig den Dingen zu, die ſie — unter beſſeren
161 2884 852 2923 Verhältniſſen — als die Erfüllung einer Sehnſucht begrüßen wür⸗
161 2906 852 2946 den. Oder ſie verzichten ganz auf die Dinge, die außerhalb ihres
161 2929 852 2971 Berufsintereſſes liegen und tappen weiter in dem ſchauderhaften
161 2953 849 2993 Kultur⸗Analphabetismus herum, dem man hier auf Schritt und
161 2976 849 3017 Tritt begegnet. Aeltere Geſchäftsleute, Chefs großer Häuſer, ent⸗
161 2999 849 3040 ſchuldigen das mit den Worten: „Ja, was wollen Sie, ich habe
161 3023 849 3064 immer bis zum ſpäten Abend im Geſchäft ſtecken müſſen.“ Aber ſie
161 3046 849 3090 wiſſen nicht, daß eine Anklage gegen ihr eigenes Syſtem in dieſer
162 3070 591 3108 vielgebrauchten Verteidigungsphraſe ſteckt.
418 1380 620 1418 Aus Marokko.
1287 1278 1537 1312 Königsberg, 31. Auguſt.
1805 2712 1996 2753 Förſenbericht.
1096 480 1345 516 Arbeiterbewegung.
1968 2234 2222 2272 Berlin, 31. Auguſt 1907.
1109 851 1323 898 Vermiſchtes.
1109 672 1334 719 Gerichtliches.
1736 2263 1907 2298 Schlußkurſe
1899 2263 2067 2302 gegen 3 UUhr.
322 1116 721 1154 Engliſch⸗ruuſſiſche Konvention.
210 1916 820 1957 Das Sandenunweſen auf der Balkanhalbinſel.
1560 2743 2241 2790 (OriginaltelegrammderHartungſchen Zeitung.)
989 1230 1438 1285 Königsberger Nachrichten.
1632 2183 2174 2240 Handels⸗ und Verkehrszeitung.
