2400 3344
251 291 400 332 Nr. 409.
1600 3050 1933 3097 weil sie hält, was sie verspricht.
1733 355 2181 401 Sonntag, 1. September 1907.
1541 2546 2084 2598 Hauptniederlage in Königsberg: C. Fr. M. Hagen.
1464 2866 2139 2933 Haus 1. Ranges. Bilige Preise. Bestens empfohlen.
1500 2922 2067 2980 schenken ihr Vertrauen seit fast zwei Jahrzehnten der
1499 2946 1639 2982 altbewährten
1525 2474 2094 2526 bewährt sich bei Rieren- und Blasenleiden, Harnbeschwerden,
1525 2498 2094 2550 Rheuma, Sicht und Zuckerharnruhr, sowie bei Caturhn 60
1645 2522 1963 2563 Athmungs- und Verdauungsorgane.
742 3050 1570 3120 Man laſſe MAGGl. Würze nur in MAGUR“ Originalfleſcchen nachfülen, weil
741 3074 1568 3140 in dieſe geſetzlich nichts anderes als echte MAGGI-Würze gefüllt werden darf.
126 2773 761 2829 ei. Allenſtein, 29. Aug. Das Kriegsgericht der 37. Di⸗
88 2790 761 2847 viſion verurteilte geſtern den Unteroffizier Otto Hoffmann von
85 2813 761 2870 der 6. Batterie Feldartillerieregiments 73 wegen Unterſchlagung
1569 2356 2060 2411 Die Bor- und Lithion-hältige eisentreie
1528 2386 2100 2499 Salvator-Guelle
1474 2578 1726 2643 Ehegatten
1738 2589 2153 2633 die sorgenirel leben und vorwarte
1737 2604 2152 2653 kommen wollen, bestellen sich den
1472 2629 2006 2686 Dr. Philantropus. Preis nur 50 Pfg. Porto 20 Pfg.
1736 2626 2151 2673 Illustr. hyglenischen Ratgeber von
1546 2658 2065 2707 Medizinischer Verlag. Wiesbaden N O 4.
1562 435 2239 493 einige Mißſtände, die ſich in einzelnen Provinzdruckereien heraus⸗
1560 458 2239 516 geſtellt hatten. Die Debatte über den Preußentag, der Pfingſten
1560 478 2237 535 1908 in Königsberg tagen wird und auf dem die oſt⸗ und weſtpreu⸗
1557 497 2236 556 ßziſchen Buchdrucker zuſammentreffen werden, mußte der vorgerückten
1557 520 2235 580 Zeit wegen bis zur nächſten Monatsverſammlung vertagt werden,
874 408 1550 464 und Diebſtahls zu 12 Wochen Gefängnis und Degradation. H. hatte
872 430 1550 483 in ſeiner Eigenſchaft als Kammerunteroffizier, wie er in der Haupt⸗
872 452 1548 504 verhandlung geſtand, 10 Paar Stiefel und 15 Paar Schnürſchuhe
869 472 1548 524 von der Kammer an einen hieſiger. Schuhmachermeiſter verkauft und
869 512 1005 546 ſich behalten.
869 494 1547 548 außerdem 84 Mark für von der Kammer verkauftes Drillichzeug für
1602 2695 2001 2787 Wiesbaden,
1560 2755 2049 2825 an der Rheinstrasse und Kuranlagen.
1466 2796 2140 2897 Rhein-Hofel u. Pension.
1530 2143 1913 2189 Volksbote 1908. 71. Jahrgang.
1490 2162 2169 2221 Hofbuchhandlung. Zum 71. Male hat der altehrwürdige „Volks⸗
1930 2162 2170 2202 Oldenburg, Schulzeſche
1490 2184 2168 2244 bote“ in unverminderter Friſche und Jugendrüſtigkeit ſeine große
1488 2203 2168 2264 Weltwanderung angetreten. Sein Beſtreben, im Verein mit tüchtigen
1488 2225 2165 2286 bewährten Mitarbeitern einen reichen Schatz von Geiſtes⸗, Herzens,
1488 2247 2167 2308 und Gemütsbildung in alle Lande, wo die deutſche Zunge klingt, zu
1488 2267 2164 2327 tragen, iſt ſeit alters her von Erfolg gekrönt geweſen. In der deut⸗
1485 2310 1545 2336 recht.
1485 2287 2163 2347 ſchen Familie beſitzt der „Volksbote“ ſeit langen Jahren das Heimat⸗
1544 1873 2182 1930 „Der Menſch und die Erde“ (Deutſches Verlagshaus Bong u.
1501 1887 2182 1950 Co., Berlin W.). In dem neuen Hefte unterwirft Hauptmann
1501 1911 2182 1970 v. d. Planitz die Frage: Werden Reiterartacken für die Kriege der
1501 1931 2182 1990 Zukunft noch in Betracht kommen? einer Prüfung und kommt zu dem
1498 1951 2180 2011 Reſultat, daß dem Pferde in der Kriegsführung trotz Automobil,
1498 1971 2179 2032 Fahrrad und Luftballon eine hochtwichtige Rolle für die Zukunft zu⸗
1498 1993 2179 2051 kommt. — Nachdem bisher die Verbreitung der Sängetiere, die Haus⸗
1498 2013 2179 2072 tiere als menſchlicher Kulturerwerb, die Entwickelung der Jagd, die
1496 2033 2177 2093 Tiere als Feinde der Kultur und die Tiere in Verkehr, Sport und
1496 2054 2176 2112 Kriegführung geſchildert worden ſind, wendet ſich der Darſtellungs⸗
1493 2094 1884 2139 Tierkörpers und ſeiner Ausnutzung zu.
1496 2076 2176 2134 gang des Werkes nunmehr der wiſſenſchaftlichen Erforſchung des
1594 550 2236 606 Zweiter internationaler Kongreß für phyſikaliſche Therapie. Das
1557 566 2235 626 Organiſationskomitee des Kongreſſes, welcher vom 13. bis 16. Ok⸗
1557 590 2235 648 tober d. J. in Rom tagt, hat bei den bedeutendſten italieniſchen und
1554 611 2233 668 ausländiſchen Schiffahrtsgeſellſchaften die nötigen Schritte getan,
1554 632 2233 690 um ſpezielle Reiſeerleichterungen für die Mitglieder,
1552 651 2231 708 welche die Abſicht hegen, per Schiff nach Rom zu fahren, zu er⸗
1552 671 2233 728 halten. Es ſind Ermäßigungen von 30 bis 50 Prozent gewährt
1552 692 2231 748 worden. Ein Couponheft für 20 Reiſen auf ſämtlichen italieniſchen
1552 711 2230 769 Eiſenbahnen mit einer Ermäßigung von 40 bis 60 Prozent
1549 733 2229 789 wird für die Dauer vom 1. Oktober dis 15. November d. J. auch an
1549 752 2228 811 Damen vergeben und an andere Mitglieder der Familie der einge⸗
1549 772 2228 828 ſchriebenen Kongreßmitglieder. Anmeldungen ſind an Dr. Im⸗
1546 794 2115 845 melmann, Berlin W., Lützowſtraße 72, zu ſenden.
209 857 844 911 m. Wegen gefährlicher Lörperverletzung in mehreren Fällen
170 875 844 931 ſtand der ſchon mehrfach vorbeſtrafte Arbeiter Franz Tiedemann am
170 896 844 950 23. Auguſt vor dem hieſigen Schöffengericht. Am Abend des 25. Juni
168 915 841 972 hatte er ſich mit mehreren Freunden in ein Lokal auf der Hinterlomſe
168 937 841 992 begeben. Hier geriet einer ſeiner Begleiter mit dem dort anweſenden
168 956 841 1013 Klempnergeſellen Braun in Streit. Als Braun das Lokal verließ, eilte
165 978 838 1033 er ihm nach, warf ihn auf einen Steinhauſen, der auf dem Pflaſter
162 998 836 1055 aufgeſchichtet war, und bearbeitete ihn mit den Füßen. Dem Schutz⸗
162 1020 836 1074 mann, der darauf herbeigeholt wurde, um ihn zu verhaften, ſetzte er
162 1039 836 1094 den heftigſten Widerſtand entgegen. Fernerhin hat er am 21. Juli
160 1059 836 1115 ohne jede Veranlaſſung einen Staumeiſter, bei dem er früher in Arbeit
160 1081 833 1135 geweſen war, überfallen und mit einer Planke auf den Kopf ſchlagen
160 1100 833 1155 wollen. Glücklicherweiſe gelang es dem Angegriffenen, den Hieb mit
160 1120 830 1176 dem Overarm aufzufangen. Der Angeklagte wurde wegen beider
160 1140 724 1191 Straftauen zu vier Monaten Gefängnis verurteilt.
1582 820 2224 883 * Von der Enthaltſamkeitsbewegung. Der vom Preßausſchuß
1546 843 2222 901 des Diſtrikts 26 (Oſtpreußen) von Deutſchlands Großloge II des
1544 865 2222 923 Internationalen Guttemplerordens für das Auguſt⸗Vierteljahr 1907
1544 888 2222 944 herausgegebene Arbeitsführer (in der Hartungſchen Buchdruckerei
1541 908 2222 965 zu Königsberg i. Pr. für 20 Pf. erhältlich) macht das ſtete Anwachſen
1541 930 2221 986 der Guttemplerlogen erſichtlich. Im vergangenen Vierteljahr ſind
1541 950 2219 1008 neue Logen in Bialla (Vorſtand Lehrer Wengsborski, praktiſcher
1538 969 2217 1028 Arzt Dr. Böhncke, Amtsgerichtsſekretär Klein), Barten (Vor⸗
1538 990 2218 1050 ſtand Kantor Köttlitz, Garderobier Waſchke, Kaufmann Böhm) und
1538 1010 2216 1069 Tilſit (Vorſtand Polizeibeamter Förſter, Töpfermeiſter Blumen⸗
1538 1032 2216 1092 ſtengel, Goldſchmied Ziegert) geſtiftet, ſo daß der Diſtritt Oſtpreußen
1538 1054 2216 1112 jetzt 15 Logen für Erwachſene und 3 Jugendlogen zählt. Nach dem
1536 1075 2215 1133 auf der Großlogenſitzung am 28. Juli in Flensburg erſtatteten Be⸗
1533 1117 1871 1157 von 27 544 auf 29 730 geſtiegen.
1536 1095 2213 1154 richt iſt die Zahl der Logen von 813 auf 846, die Zahl der Mitglieder
820 2549 1457 2605 * Der Ortsverein Königsberg des Verbandes der deutſchen Buch⸗
784 2567 1457 2628 drucker hielt am Donnerstag den 29. v. Mts., in Café Ludwigshof
784 2592 1457 2649 unter dem Vorſitz des Herrn Waſſel ſeine ordentliche Monatsver⸗
784 2612 1457 2670 ſammlung ab, die zahlreich beſucht war. Nachdem einige Vereins⸗
781 2635 1457 2692 angelegenheiten erledigt waren, erteilte der Vorſitzende dem Ar⸗
781 2654 1457 2712 beiterſekretär Stolte zu einem ebenſo intereſſanten wie lehr⸗
778 2676 1454 2734 reichen Referate über die „Unfallverſicherung“ das Wort. Redner
778 2696 1454 2754 führte vor Augen, wie ſich die Haftpflichtverſicherung zur Unfallver⸗
778 2717 1454 2776 ſicherung entwickelte, beleuchtete deren Vorzüge und Nachteile und
776 2740 1452 2797 gab an zahlreichen Beiſpielen zu erkennen, daß kleine Urſachen oft
776 2760 1452 2818 große Wirkungen im Gefolge haben, und daß beſonders unter den
773 2782 1449 2839 Arbeitern viel Unwiſſenheit in betreff der Unfallanmeldefriſt herrſcht,
773 2802 1449 2861 was oft zu Verjährungen und langwierigen Prozeſſen führt. Reicher
773 2821 1446 2880 Beifall lohnte dem Redner. Hierauf berichtete der Gauvorſitzende,
773 2843 1446 2899 Herr Reißner, über Agitationsreiſen nach der Provinz und über
225 435 860 489 m. Vom Kammergericht. Ein Landwirt D. aus Rhein war
184 455 860 511 auf Grund einer Polizeiverordnung vom Jahre 1888 in Strafe ge⸗
184 478 857 531 nommen worden, weil er Jauche in den Rinnſtein geleitet habe,
183 497 857 552 die dann in den Rheinſee gefloſſen ſei, wo ſich eine Schöpfſtelle be⸗
182 518 857 571 finde. D. behauptete, infolge von Tauwetter ſei ſein Schweine⸗
182 537 854 592 ſtall unter Waſſer geſetzt worden, er hatte nichts anderes tun kön⸗
180 560 854 612 nen, um ſein Eigentum zu ſchützen, als das Waſſer in den Rinn⸗
179 578 854 632 ſtein zu leiten. Er habe ſich in Notwehr oder in einem Notzuſtande
178 599 854 654 befunden. Während das Schöffengericht D. freiſprach, hob die
179 619 854 674 Strafkammer die Vorentſcheidung auf und verurteilte D. zu einer
177 639 852 696 Geldſtrafe. Von Notwehr könne nicht die Rede ſein, da eine andere
177 659 849 716 Perſon nicht in Frage komme; ein Notſtand liege auch nicht vor,
176 682 849 736 weil D. die Jauche auf andere Weiſe aus dem Schweineſtall hätte
173 701 849 757 beſeitigen können. Gegen ſeine Verurteilung legte D. Reviſion
176 722 849 778 beim Kammergericht ein und behauptete, es habe unbedingt ein
173 742 846 798 Notſtand vorgelegen, eventuell habe er ſich in Notwehr befunden.
173 763 846 819 Das Kammergericht wies jedoch die Reviſion des Angeklagten
173 784 846 840 als unbegründet zurück, da die Vorentſcheidung ohne
173 803 846 858 Rechtsirrtum ergangen ſei; aus zutreffenden Erwägungen verneine
170 825 587 869 der Vorderrichter Notwehr und Notſtand.
173 1657 437 1693 i. Sittlichkeitsverbrechen.
441 1668 812 1709 Der frühere Bureaudiätar L. hatte
136 1676 812 1730 am 14. und 15. März verſucht, an Mädchen im Alter von etwa zehn
136 1695 812 1751 Jahren unſittliche Handlungen zu begehen.. In einem Falle iſt ihm
133 1716 809 1771 dies auch gelungen, während es in zwei Fällen, da andere Perſonen
131 1734 809 1790 hinzukamen, nur beim Verſuch geblieben iſt. Er hatte ſich daher am
130 1755 806 1811 29. Auguſt vor der Strafkammer zu verantworten. Das Gericht
130 1777 806 1832 nahm auf Grund des Gutachtens des Gerichtspſychiaters Medizinal⸗
130 1797 806 1853 rats Prof. Dr. Puppe an, daß der Angeklagte geiſtig minderwertig
130 1817 806 1873 ſei, und erkannte daher auf middernde Umſtände. Immerhin komme
130 1837 804 1892 ihm doch die volle Verantwortung für ſeine Handlungen zu, da von
128 1859 804 1914 einer Unzurechnungsfähigkeit im Sinne des § 51 keine Rede ſei. In
128 1878 801 1934 Hinſicht auf das gemeingefährliche Treiben des Angeklagten wurde
128 1899 659 1946 auf neun Monate Gefängnis erkannt. —
128 1919 801 1976 Tage hatte ſich der Kellner B. wegen des gleichen Verbrechens zu
652 1921 801 1955 An demſelben
125 1940 798 1996 verantworten. Er hatte ein 13 jähriges Mädchen andauernd ver⸗
125 1959 798 2016 folgt und es durch Schokolade und Geldgeſchenke gefügig zu machen
122 1981 796 2036 verſucht. Auch hier kam es nicht zu der Ausführung des Verbrechens.
122 1999 796 2057 Daher wurden auch dieſem Angeklagten mildernde Umſtände zuge⸗
120 2021 796 2077 villigt. Immerhin mußte im Hinblick auf ſeine ziemlich beträchtlichen
120 2041 796 2098 Vorſtrafen auf eine nicht allzu milde Strafe erkannt werden. Er
117 2081 329 2118 Ehrverluſt verurteilt.
120 2063 793 2118 wurde daher zu einem Jahre Gefängnis und zwei Jahren
904 598 1542 655 * Der Königsberger Lehrerverein hatte ſeine Mitglieder am
866 619 1542 675 24. v. M. zu einer Sitzung nach der Jubiläumhalle zuſammenge⸗
864 643 1542 694 rufen, deren erſter Teil den Charakter einer außerordentlichen Ge⸗
864 664 1540 717 neralverſammlung hatte. Sie galt der Ehrung eines um das Leh⸗
864 685 1540 738 rervereinsweſen unſerer Stadt und unſerer Provinz hochverdienten
861 703 1537 758 Mitgliedes, des am 1. d. Mts. in den Ruheſtand getretenen Pro⸗
861 724 1537 778 rektors Gimboth. Die Verſammlung ernannte ihn zum Ehren⸗
861 745 1537 798 mitgliede des Vereins. Auf der Tagesordnung der an die General⸗
858 765 1537 818 verſammlung ſich anſchließenden ordentlichen Vereinsſitzung ſtand
858 787 1534 840 ein Vortrag des Herrn Nieth von der Tragheimer Volksſchule
858 806 1534 863 über „Gartenbau für Volksſchüler“. Bekanntlich hat die hieſige
856 826 1532 881 Schulverwaltung bei der Volksſchule auf dem Tragheimer Ausbou
856 848 1532 901 eine „Gartenbauſtation“ eingerichtet, an welcher ſich 180 Schüler
856 867 1475 920 der Tragheimer Volksſchulen beim Gartenbau beteiligen..
1468 892 1532 923 Dieſe
856 888 1532 943 Beſchäftigung hat nicht unterrichtlichen, ſondern erzieheriſchen
856 908 1532 963 Zweck. Der Vortragende, der an jener Schule unterrichtet, ſchil⸗
853 931 1529 985 derte in eingehender Weiſe die Einrichtung, den Betrieb und die
853 951 1529 1004 erzieheriſchen Reſultate jenes Gartenbaues, um den Nachweis zu
850 970 1529 1025 führen, daß auch dieſer Zweig des erzieheriſchen Arbeitsunterrichts
850 992 1528 1046 „des Blutes Balſam und der Tugend Quell ſei“. — Ein zweiter
848 1011 1526 1065 Vortrag über das in unſerer Stadt aktuelle Thema: „Schulſpar⸗
848 1054 900 1082 war.
848 1032 1526 1085 kaſſe“ mußte ausfallen, da der Referent am Erſcheinen behindert
196 1174 830 1226 m. Mehrere Fälle von Nahrungsmittelverfälſchung beſchäftigten
157 1192 830 1248 am 28. Auguſt wieder das hieſige Schöffengericht. Die Milchhändlerin
154 1212 828 1268 Eliſe Urban hatte Milch in den Handel gebracht, die, wie die Unter⸗
154 1232 828 1289 ſuchung ergab, in ganz erheblichem Maße mit Waſſer vermengt wor⸗
154 1254 828 1308 den war. Die Angeklagte behauptete nun, die Milch ſei in eine
154 1273 825 1328 Schüſſel gegoſſen worden, die vorher mit Waſſer gefüllt geweſen ſei.
152 1294 825 1350 Sie hätte das Waſſer vorher abſchöpfen wollen, ſei aber dabei geſtört
152 1316 628 1363 worden, ſo daß das Gefäß, als die Milch
152 1335 627 1385 ihrer Angeſtellten hineingegoſſen wurde, noch
621 1333 825 1370 ſpäter von einem
152 1357 619 1401 halten habe. Das Gericht maß dieſen
620 1356 822 1391 etwas Waſſer ent⸗
149 1377 622 1423 keinerlei Glaubwürdigkeit bei und verurteilte
623 1374 822 1412 Ausflüchten jedoch
149 1396 633 1443 25 Mark Geldſtrafe eventuell fünf
623 1395 822 1433 die Angeklagte zu
146 1416 820 1472 — Wegen des gleichen Vergehens hatte ſich am ſelben Taage die un⸗
624 1416 820 1453 Tagen Gefängnis.
146 1438 820 1493 verehelichte Johanna Rautenberg aus Seligenfeld vor dem
146 1458 820 1513 Schöffengericht zu verantworten. Dieſe hat mit ihren Geſchwiſtern
146 1479 817 1535 eine Milchwirtſchaft betrieben und die Milch an andere Milchhändler
144 1500 817 1554 verkauft. Der eine von dieſen, der, wie er angab, infolge der Minder⸗
144 1520 817 1575 wertigkeit der von den Rautenbergs gelieferten Milch ſogar Kunden
141 1540 814 1596 verloren hat, ſtellte zweimal Unterſuchungen an, die einen ganz be⸗
141 1561 814 1616 deutenden Zuſatz von Waſſer ergaben. In einem Falle waren der
141 1580 814 1638 Milch, wie die chemiſche Analyſe ergab, 18 pCt. Waſſer beigemengt
138 1603 814 1656 worden. Die Angeklagte, die geſtändig war, wurde zu 50 Mark
138 1621 668 1671 Geldſtrafe event. zehn Tagen Gefängnis verurteilt.
850 1924 1486 1978 au. Die zweite kirchliche Gemeinſchaftskonferenz für Oſtpreußen
810 1940 1486 1997 findet in den Tagen vom 1. bis 13. September nach folgendem Pro⸗
810 1964 1486 2018 gramm in Königsberg ſtatt: Sonntag den 1. September,
810 1982 1486 2039 Vormittags 10 ½½ Uhr: Predigt in der Schloßkirche; Abends 8 ¼ Uhr:
810 2003 1484 2060 Evangeliſationsverſammlung in der Altroßgärter Kirche. — Montag,
808 2023 1484 2080 Dienstag und Mittwoch, Nachmittags 4 Uhr: Bibelſtunde in der
808 2043 1484 2101 Altroßgärter Kirche; Abends 8½ Uhr: Evangeliſationsverſammlung
805 2065 1484 2120 daſelbſt. — Donnerstag und Freitag Nachmittags 4 Uhr:
805 2084 1481 2141 Bibelſtunde in der Haberberger Kirche; Abends  ¼ Uhr: Evangeliſa⸗
805 2106 1481 2162 tionsverſammlung daſelbſt. — Sonnabend den 7. September,
802 2126 1481 2183 keine Bibelſtunde; Abends 8 ½ Uhr: Evangeliſationsverſammlung in
802 2147 1478 2202 der Haberberger Kirche. — Sonntag den 8. September, Vor⸗
802 2168 1478 2224 mittags 10 ½ Uhr: Predigt in der Schloßkirche; Abends 8 ¼ Uhr:
800 2187 1478 2245 Evangeliſationsverſammlung in der Haberberger Kirche. — Montag
800 2209 1476 2264 den 9. September, Dienstag den 10. und Mittwoch den
800 2228 1476 2285 11. September, Nachmittags 4 Uhr: Bibelſtunde in der Neuroßgärter
797 2249 1476 2306 Kirche; Abends 8 ¼ Uhr: Evangeliſationsverſammlung daſelbſt.
797 2269 1473 2326 Die Bibelſtunden ſowohl wie die Evangeliſationsverſammlungen wer⸗
797 2291 1473 2346 den von Prediger Dannert⸗Barmen gehalten. — Donnerstag den
794 2310 1470 2368 12. September und Freitag den 13. September findet dann im Saale
794 2331 1470 2388 des Zionsvereins, Hinterlomſe 13, die zweite oſtpreußiſche Konferenz
794 2352 1470 2410 für kirchliche Evangeliſation und Gemeinſchaftspflege ſtatt. Nach
794 2371 1470 2429 Morgenandacht und Gebetsverſammlung um 9 Uhr wird an beiden
792 2393 1468 2448 Lagen um 10 Uhr Vormittags Konferenz über das Generalthema ge⸗
792 2413 1468 2468 halten: „Die Gemeinſchaft der Gläubigen Gottes Ackerwerk.“ Es
792 2435 1465 2490 ſprechen Pfarrer Stöveſand⸗Perleberg, Pfarrer Abramowski⸗
789 2454 1465 2510 Milken und Prediger Dannert⸗Barmen. Am 13. September, Nach⸗
789 2475 1462 2531 mittags 4 Uhr, wird die Konferenz mit der Generalverſammlung des
786 2516 957 2550 pflege geſchloſſen.
786 2496 1462 2550 oſtpreußiſchen Bundes für kirchliche Evangeliſation und Gemeinſchafts⸗
157 2114 326 2150 dt. Raſtenburg.
317 2122 532 2158 30. Aug. Ueber
117 2135 788 2194 Klage verhandelte am Freitag der Kreisausſchuß zu Raſtenburg.
544 2132 790 2171 eine intereſſante
117 2154 788 2212 Die Gemeinde Schwarzſtein hatte die Anſtalt Karlshof, die im Ge⸗
114 2175 785 2232 biete des Dorfes landwirtſchaftliche Beſitzungen hat, zur Einkommen⸗
114 2196 788 2255 ſteuer herangezogen. Die Anſtalt weigerte ſich zu zahlen und erhob
114 2220 785 2275 gegen die vom Gemeindevorſtand abgewieſene Beſchwerde Klage beim
114 2238 785 2296 Kreisausſchuß. In der mündlichen Verhandlung machte der Ge⸗
114 2261 785 2316 meindevorſtand geltend, daß die Anſtalt Karlshof durch die Gebiets⸗
112 2282 782 2338 erweiterung über den Rahmen einer mildtätigen Stiftung hinaus⸗
112 2304 782 2358 gegangen ſei, zumal der in Schwarzſtein bewirtſchaftete „Schulzen⸗
112 2323 782 2380 Hof“ den Charakter eines geſchäftlichen Unternehmens habe, und be⸗
109 2343 780 2401 rief ſich dabei auf die Kabinettsorder von 1834, nach welcher Be⸗
109 2364 780 2422 ſitzungen, die durch Kauf in eine milde Stiftung übergehen, ſteuer⸗
109 2385 780 2442 pflichtig ſeien. Der Kläger hob hervor, daß dieſe Kabinettsorder
109 2407 777 2464 nurch das Staatseinkommenſteuergeſetz von 1894 aufgehoben ſei, da
106 2429 777 2484 in jener Verfügung ausdrücklich ausgeführt werde, daß die Steuer⸗
106 2448 774 2506 oflicht derartiger Grundſtücke nur ſo lange beſtehe, wie die Order
106 2468 774 2527 Geltung habe. Im übrigen habe die Anſtalt Karlshof das könig⸗
104 2489 774 2547 liche Privileg einer mildtätigen ſteuerfreien Stiftung, ſie verwerte
104 2510 774 2568 ihre Erzeugniſſe unmittelbar in der Anſtalt ſelbſt. Ferner beſtritt
104 2533 774 2589 der Kläger der Gemeinde das Recht, eine fingierte Steuer von der
101 2551 772 2610 Realſteuer erheben zu dürfen. Der Kreisausſchuß ſtellte ſich grund⸗
101 2573 772 2632 ſätzlich auf den Standpunkt, daß die alte Anſtalt als milde Stiftung
98 2594 769 2652 abgabenfrei iſt, die neuerdings gemachten Gebietserweiterungen aber
98 2616 769 2671 nicht unmittelbar wohltätigen Zwecken dienen und deshalb der Kom⸗
96 2638 769 2693 munalſteuer unterliegen. Ueber die Art des Wirtſchaftsbetriebes
98 2657 766 2715 (oll Beweis erhoben werden. Die endgültige Entſcheidung wurde
101 2680 766 2735 ausgeſetzt. — Eine ähnliche Kläge führt der Vorſtand des Kranken⸗
101 2700 764 2758 auſes der Barmherzigkeit in Königsberg gegen die Stadt; bei
98 2741 185 2774 zuſchläge.
101 2720 764 2777 ieſer Klage handelt es ſich insbeſondere um die Höhe der Steuer⸗
1565 1225 2206 1281 Regensberg, Friedrich: 1870/71. Der deutſch⸗franzöſiſche
1530 1241 2206 1303 Krieg nach den neueſten Quellen dargeſtellt. Band 1, Abteilung 1:
1528 1263 2205 1327 Vorgeſchichte des Krieges; Abteilung 2: Vorbereitungen zum Kriege;
1528 1284 2204 1345 Abteilung 3: Einmarſchkämpfe (Weißenburg, Wörth, Spichern).
1528 1305 2204 1365 336 S. Lex. 8⁰. mit 15 Karten und drei Beilagen. Stuttgart,
1525 1326 2204 1386 Franckhſche Verlagshandlung, 7,50 Mark. Für die Geſchichte des
1525 1348 2204 1409 Krieges 1870/71 ſind in jüngſter Zeit durch die Veröffentlichungen
1522 1369 2201 1429 von Denkwürdigkeiten und Erinnerungen von Staatsmännern,
1522 1389 2200 1449 Diplomaten und Militärs, die 1870/71 eine Rolle geſpielt haben.
1522 1412 2201 1470 zahlreiche und wertvolle neue Quellen erſchloſſen worden; auch die
1520 1432 2201 1493 militärwiſſenſchaftliche Forſchung hat weder bei uns Deutſchen noch
1520 1452 2198 1512 bei den Franzoſen ſtillgeſtanden. Darum war es eine dankenswerte,
1520 1474 2197 1533 wenn auch mühevolle Arbeit, alle dieſe Quellen, die oft zahlreiche
1517 1495 2197 1554 politiſche und kriegeriſche Geſchehniſſe in völlig neuem Lichte er⸗
1517 1515 2194 1574 ſcheinen laſſen, zu einer erſchöpfenden Geſamtdarſtellung zu ver⸗
1517 1536 2195 1595 ſchmelzen. Dieſer Aufgabe unterzieht ſich Friedrich Regensberg in
1514 1557 2195 1617 dem vorliegenden Werke. Strenge, unbeugſame Objektivität ſpricht
1514 1580 2193 1638 aus jeder Zeile, und das iſt mit eine der beſten Eigenſchaften, die
1514 1599 2193 1657 ein ſolches Werk zieren können. In klarer und auch dem Laien ein⸗
1514 1620 2193 1679 leuchtender Weiſe erörtert Regensberg die Urſachen der gegneriſchen
1514 1640 2190 1700 Niederlagen; erzeigt die Mängel der franzöſiſchen Heeresorgani⸗
1512 1662 2190 1721 ſation und der Führung, wird aber auch in vollem Maße der ſo glän⸗
1512 1685 2189 1742 zend zutage getretenen perſönlichen Tapferkeit und todesmutigen
1509 1704 2189 1763 Vaterlandsliebe des Feindes gerecht. Ebenſo gewiſſenhaft weiſt er
1509 1725 2187 1784 neben den Schilderungen der bewunderungswürdigen Leiſtungen
1509 1747 2187 1805 unſerer Führer und Soldaten auch auf die deutſcherſeits gemachten
1506 1766 2186 1825 Fehler hin. Die Darſtellung der politiſchen Vorgänge iſt nicht min⸗
1506 1788 2185 1847 der lebensvoll wie die der ſtrategiſchen Entwürfe und der taktiſchen
1506 1807 2185 1866 Durchführung der blutigen Kämpfe. Dabei verbindet der Ver⸗
1504 1851 1769 1885 und feſſelnde Darſtellung.
1506 1829 2185 1888 faſſer mit der ſorgſamen Behandlung ſeines Stoffes eine anziehende
881 1083 1524 1139 Dr. K. N. Dritter internationaler Esperantiſtenkongreß in
845 1102 1524 1158 Cambridge. Die Esperantoſprache konnte in dieſem Jahre ihr
842 1126 1521 1178 zwanzigjähriges Jubiläum feiern, denn im Juli des Jahres 1887
842 1147 1518 1201 erſchien die erſte Broſchüre von Dr. Samenhof oder, wie er ſich
842 1167 1518 1221 auf dem Titel nannte, Dr. Esperanto (der Hoffende), ent⸗
842 1186 1518 1243 haltend eine Vorrede und ein vollſtändiges Lehrbuch der Lingvo
842 1209 1518 1263 internacia. Aber das Büchlein fand wenig Beachtung, und
840 1228 1518 1284 15 Jahre lang war faſt nichts von der neuen Sprache zu hören. Da
840 1249 1516 1303 auf einmal ſetzte die Bewegung durch die Bemübungen einiger her⸗
837 1270 1516 1326 vorragender Franzoſen kräftig ein, und in kurzer Zeit war die Zahl
837 1290 1516 1345 der Esperantiſten ſo angewachſen, daß man einen 1. internationa⸗
837 1310 1513 1368 len Kongreß veranſtalten konnte, der im Auguſt 1905 in Boulogne
834 1332 1513 1387 ſur Mer ſtattfand und etwa 1500 Esperantiſten aus allen Teilen
834 1352 1510 1409 der Welt zuſammenführte. Durch dieſe Veranſtaltung wurde zum
834 1374 1510 1429 erſten Male öffentlich vor aller Welt der Beweis für die Brauchbar⸗
832 1394 1508 1451 keit des Esperanto zur internationalen Verſtändigung erbracht. In⸗
832 1436 927 1466 ſchritten.
832 1416 1508 1469 zwiſchen hat die Zahl der Esperantiſten die erſte Million weit über⸗
944 1440 1508 1491 Das Hauptgewicht des diesjährigen 3. Kongreſſes
832 1458 1508 1511 in Cambridge (vom 10. bis 17. Auguſt) lag in den Fachverſamm⸗
829 1477 1505 1533 lnugen: Kaufleute, Touriſten, Seeleute, Naturforſcher, Aerzte, Ju⸗
829 1498 1505 1553 riſten, Lehrer, Photographen und viele andere Berufe vereinigten
829 1518 1505 1573 ſich zu gemeinſamem Gedankenaustauſch, alles natürlich in der Es⸗
826 1540 1505 1593 perantoſprache. Das Hauptereignis in dieſer Hinſicht war die Grün⸗
826 1560 1505 1615 dung einer Internacia Scienca Aſſocio, zu deren Vorſitzendem ein
826 1580 1502 1637 Deutſcher, Profeſſor Dr. Adolf Schmidt von der Berliner Uni⸗
824 1602 1502 1657 verſität, gewählt wurde. Aber auch an feſtlichen Veranſtaltungen
824 1621 1500 1679 fehlte es nicht. Dr. Samenhof wurde ein glänzender Empfang
824 1644 1500 1698 von ſeiten der Stadt und der Univerſität zuteil. Bei dem Er⸗
821 1663 1500 1720 öffnungsabend in der Guildhall redeten Vertreter von 30 verſchie⸗
821 1685 1497 1740 denen Nationen. Es wurden ferner Gottesdienſte von Anfang bis
821 1705 1497 1762 Ende in der Esperantoſprache durch hohe engliſche Geiſtliche abge⸗
821 1725 1497 1781 halten, und als Kurioſum ſei auch eine Theateraufführung er⸗
818 1747 1494 1801 wähnt, bei der die Rollen unter Angehörige von 20 verſchiedenen
818 1766 1494 1823 Nationen verteilt waren. Der nächſte internationale Kongreß wird
818 1788 1494 1842 1908 in Deutſchland ſtattfinden, wo das Esperanto in den
816 1808 1494 1864 letzten Jahren auch bereits recht gute Fortſchritte gemacht hat. Als
816 1829 1492 1885 Ort des Kongreſſes wird wahrſcheinlich Frankfurt  M. oder Dres⸗
813 1850 1489 1906 den gewählt werden, das bereits im Mai d. J. unter dem Zeichen
813 1871 1489 1928 des grünen Sternes (das iſt das Abzeichen der Esperantiſten) ge⸗
813 1892 1437 1947 ſtanden hat gelegentlich des 2. Deutſchen Esperantiſtentages.
1784 1166 1945 1213 Literatur
1720 1201 2020 1245 Aus unſeren Zeitſchriften.
322 384 729 448 Aus dem Gerichtsſaale.
946 555 1462 623 Vereine und Verſammlungen.
243 209 2246 364 ritte Beilage der Morgenausgabe der Königsberger Hartungſchen Zeitung.
144 2866 1472 3073 Millionen von Hausfruuen
1521 2989 1585 3046 *
1613 2978 1915 3065 MAGGl-Würze
1946 2997 2056 3040 mit dem
1930 3022 2060 3073 Kreuzstern,
2003 3065 2061 3102 1252
